<?xml version="1.0" encoding="UTF-8"?>
<!DOCTYPE html PUBLIC "-//W3C//DTD XHTML 1.0 Transitional//EN"
    "http://www.w3.org/TR/xhtml1/DTD/xhtml1-transitional.dtd">
<html xmlns="http://www.w3.org/1999/xhtml" xml:lang="en" lang="en">
 <head>
  <title>
</title>
<meta http-equiv="Content-Type" content="text/html;charset=utf-8" />
  <meta name='ocr-system' content='tesseract 3.04.00' />
  <meta name='ocr-capabilities' content='ocr_page ocr_carea ocr_par ocr_line ocrx_word'/>
</head>
<body>
  <div class='ocr_page' id='page_1' title='image "./deherculeoetaeo00melzgoog_0008.png"; bbox 0 0 4717 5734; ppageno 0'>
   <div class='ocr_carea' id='block_1_1' title="bbox 264 560 2122 4637">
    <p class='ocr_par' dir='ltr' id='par_1_1' title="bbox 269 560 2114 1562">
     <span class='ocr_line' id='line_1_1' title="bbox 269 560 2112 648; baseline 0.004 -25"><span class='ocrx_word' id='word_1_1' title='bbox 269 560 310 623; x_wconf 92' lang='lat' dir='ltr'><strong>ab</strong></span> <span class='ocrx_word' id='word_1_2' title='bbox 333 563 402 642; x_wconf 91' lang='lat' dir='ltr'><strong>ipsa</strong></span> <span class='ocrx_word' id='word_1_3' title='bbox 424 561 480 626; x_wconf 87' lang='lat' dir='ltr'><strong>illa</strong></span> <span class='ocrx_word' id='word_1_4' title='bbox 502 562 707 640; x_wconf 89' lang='lat' dir='ltr'><strong>verecundia,</strong></span> <span class='ocrx_word' id='word_1_5' title='bbox 732 585 797 646; x_wconf 92' lang='lat' dir='ltr'><strong>qna</strong></span> <span class='ocrx_word' id='word_1_6' title='bbox 811 565 949 629; x_wconf 77' lang='lat' dir='ltr'><strong>sentitur</strong></span> <span class='ocrx_word' id='word_1_7' title='bbox 962 565 1070 647; x_wconf 89' lang='lat' dir='ltr'><strong>potins</strong></span> <span class='ocrx_word' id='word_1_8' title='bbox 1086 585 1184 647; x_wconf 91' lang='lat' dir='ltr'><strong>quam</strong></span> <span class='ocrx_word' id='word_1_9' title='bbox 1206 564 1444 648; x_wconf 88' lang='lat' dir='ltr'><strong>pronuntiatur.</strong></span> <span class='ocrx_word' id='word_1_10' title='bbox 1490 565 1534 628; x_wconf 89' lang='lat' dir='ltr'><strong>At</strong></span> <span class='ocrx_word' id='word_1_11' title='bbox 1547 565 1706 646; x_wconf 75' lang='lat' dir='ltr'>posterius</span> <span class='ocrx_word' id='word_1_12' title='bbox 1721 564 1783 629; x_wconf 91' lang='lat' dir='ltr'><strong>hoo</strong></span> <span class='ocrx_word' id='word_1_13' title='bbox 1799 574 1831 629; x_wconf 92' lang='lat' dir='ltr'><strong>et</strong></span> <span class='ocrx_word' id='word_1_14' title='bbox 1846 566 1940 629; x_wconf 88' lang='lat' dir='ltr'><strong>nimis</strong></span> <span class='ocrx_word' id='word_1_15' title='bbox 1963 573 2112 648; x_wconf 88' lang='lat' dir='ltr'><strong>apertum</strong></span> 
     </span>
     <span class='ocr_line' id='line_1_2' title="bbox 269 664 2111 750; baseline 0.003 -25"><span class='ocrx_word' id='word_1_16' title='bbox 269 669 378 726; x_wconf 82' lang='lat' dir='ltr'><strong>est-</strong></span> <span class='ocrx_word' id='word_1_17' title='bbox 399 664 463 727; x_wconf 88' lang='lat' dir='ltr'><strong>iam</strong></span> <span class='ocrx_word' id='word_1_18' title='bbox 486 667 570 728; x_wconf 90' lang='lat' dir='ltr'><strong>enim</strong></span> <span class='ocrx_word' id='word_1_19' title='bbox 593 685 656 730; x_wconf 81' lang='lat' dir='ltr'><strong>ner</strong></span> <span class='ocrx_word' id='word_1_20' title='bbox 676 667 837 749; x_wconf 92' lang='lat' dir='ltr'><strong>quomodo</strong></span> <span class='ocrx_word' id='word_1_21' title='bbox 859 665 929 730; x_wconf 90' lang='lat' dir='ltr'><strong>fieri</strong></span> <span class='ocrx_word' id='word_1_22' title='bbox 950 668 1063 750; x_wconf 82' lang='lat' dir='ltr'>possit,</span> <span class='ocrx_word' id='word_1_23' title='bbox 1087 665 1286 730; x_wconf 87' lang='lat' dir='ltr'><strong>deliberatur</strong></span> <span class='ocrx_word' id='word_1_24' title='bbox 1307 703 1348 713; x_wconf 86' lang='lat'>-</span> <span class='ocrx_word' id='word_1_25' title='bbox 1371 672 1404 729; x_wconf 91' lang='lat' dir='ltr'><strong>et</strong></span> <span class='ocrx_word' id='word_1_26' title='bbox 1426 665 1512 744; x_wconf 92' lang='lat' dir='ltr'><strong>loco,</strong></span> <span class='ocrx_word' id='word_1_27' title='bbox 1535 686 1599 748; x_wconf 93' lang='lat' dir='ltr'><strong>quo</strong></span> <span class='ocrx_word' id='word_1_28' title='bbox 1622 665 1752 750; x_wconf 89' lang='lat' dir='ltr'><strong>legitur,</strong></span> <span class='ocrx_word' id='word_1_29' title='bbox 1776 668 1828 730; x_wconf 85' lang='lat' dir='ltr'><strong>vix</strong></span> <span class='ocrx_word' id='word_1_30' title='bbox 1850 674 1963 750; x_wconf 92' lang='lat' dir='ltr'><strong>aptum</strong></span> <span class='ocrx_word' id='word_1_31' title='bbox 1983 705 2024 714; x_wconf 81' lang='lat'><em>-</em></span> <span class='ocrx_word' id='word_1_32' title='bbox 2046 671 2111 731; x_wconf 88' lang='lat' dir='ltr'><strong>iam</strong></span> 
     </span>
     <span class='ocr_line' id='line_1_3' title="bbox 269 765 2113 852; baseline 0.005 -28"><span class='ocrx_word' id='word_1_33' title='bbox 269 765 353 828; x_wconf 87' lang='lat' dir='ltr'><strong>enim</strong></span> <span class='ocrx_word' id='word_1_34' title='bbox 375 765 535 831; x_wconf 83' lang='lat' dir='ltr'><strong>defervuit</strong></span> <span class='ocrx_word' id='word_1_35' title='bbox 556 768 679 850; x_wconf 91' lang='lat' dir='ltr'><strong>primus</strong></span> <span class='ocrx_word' id='word_1_36' title='bbox 703 766 793 832; x_wconf 87' lang='lat' dir='ltr'><strong>furor</strong></span> <span class='ocrx_word' id='word_1_37' title='bbox 819 775 852 832; x_wconf 92' lang='lat' dir='ltr'><strong>et</strong></span> <span class='ocrx_word' id='word_1_38' title='bbox 879 770 1021 834; x_wconf 82' lang='lat' dir='ltr'><strong>mitiores</strong></span> <span class='ocrx_word' id='word_1_39' title='bbox 1047 771 1172 834; x_wconf 90' lang='lat' dir='ltr'><strong>animos</strong></span> <span class='ocrx_word' id='word_1_40' title='bbox 1198 771 1283 851; x_wconf 88' lang='lat' dir='ltr'><strong>oepit</strong></span> <span class='ocrx_word' id='word_1_41' title='bbox 1304 767 1465 832; x_wconf 82' lang='lat' dir='ltr'><strong>Deianira.</strong></span> <span class='ocrx_word' id='word_1_42' title='bbox 1511 768 1633 833; x_wconf 85' lang='lat' dir='ltr'><strong>Deinde</strong></span> <span class='ocrx_word' id='word_1_43' title='bbox 1655 791 1750 851; x_wconf 83' lang='lat' dir='ltr'><strong>aegre</strong></span> <span class='ocrx_word' id='word_1_44' title='bbox 1772 768 1916 846; x_wconf 86' lang='lat' dir='ltr'><strong>ferimus,</strong></span> <span class='ocrx_word' id='word_1_45' title='bbox 1942 770 2031 852; x_wconf 93' lang='lat' dir='ltr'><strong>quod</strong></span> <span class='ocrx_word' id='word_1_46' title='bbox 2063 770 2113 835; x_wconf 92' lang='lat' dir='ltr'><strong>bis</strong></span> 
     </span>
     <span class='ocr_line' id='line_1_4' title="bbox 269 867 2111 955; baseline 0.005 -27"><span class='ocrx_word' id='word_1_47' title='bbox 269 867 381 931; x_wconf 90' lang='lat' dir='ltr'><strong>iisdem</strong></span> <span class='ocrx_word' id='word_1_48' title='bbox 408 867 513 934; x_wconf 92' lang='lat' dir='ltr'><strong>verbis</strong></span> <span class='ocrx_word' id='word_1_49' title='bbox 539 871 650 934; x_wconf 88' lang='lat' dir='ltr'><strong>nutrix</strong></span> <span class='ocrx_word' id='word_1_50' title='bbox 677 870 817 935; x_wconf 87' lang='lat' dir='ltr'><strong>orditur:</strong></span> <span class='ocrx_word' id='word_1_51' title='bbox 842 872 988 952; x_wconf 88' lang='lat' dir='ltr'><strong>,perimes</strong></span> <span class='ocrx_word' id='word_1_52' title='bbox 1014 871 1175 936; x_wconf 86' lang='lat' dir='ltr'><strong>maritum‘</strong></span> <span class='ocrx_word' id='word_1_53' title='bbox 1204 871 1290 954; x_wconf 81' lang='lat'><strong>(315.</strong></span> <span class='ocrx_word' id='word_1_54' title='bbox 1318 871 1405 955; x_wconf 81' lang='grc'>436).</span> <span class='ocrx_word' id='word_1_55' title='bbox 1454 871 1599 952; x_wconf 89' lang='lat' dir='ltr'><strong>Denique</strong></span> <span class='ocrx_word' id='word_1_56' title='bbox 1631 878 1776 935; x_wconf 82' lang='lat' dir='ltr'><strong>extrema</strong></span> <span class='ocrx_word' id='word_1_57' title='bbox 1802 872 1973 936; x_wconf 78' lang='lat' dir='ltr'><strong>Deianirae</strong></span> <span class='ocrx_word' id='word_1_58' title='bbox 2004 872 2111 950; x_wconf 90' lang='lat' dir='ltr'><strong>verba,</strong></span> 
     </span>
     <span class='ocr_line' id='line_1_5' title="bbox 269 969 2114 1056; baseline 0.004 -24"><span class='ocrx_word' id='word_1_59' title='bbox 269 969 386 1055; x_wconf 90' lang='lat' dir='ltr'><strong>quibus</strong></span> <span class='ocrx_word' id='word_1_60' title='bbox 405 971 551 1053; x_wconf 90' lang='lat' dir='ltr'><strong>ampliori</strong></span> <span class='ocrx_word' id='word_1_61' title='bbox 574 974 712 1037; x_wconf 91' lang='lat' dir='ltr'><strong>orationi</strong></span> <span class='ocrx_word' id='word_1_62' title='bbox 734 972 831 1036; x_wconf 88' lang='lat' dir='ltr'><strong>finem</strong></span> <span class='ocrx_word' id='word_1_63' title='bbox 853 971 943 1052; x_wconf 86' lang='lat' dir='ltr'><strong>iacit,</strong></span> <span class='ocrx_word' id='word_1_64' title='bbox 972 973 1074 1038; x_wconf 91' lang='lat' dir='ltr'><strong>simile</strong></span> <span class='ocrx_word' id='word_1_65' title='bbox 1100 972 1257 1054; x_wconf 81' lang='lat' dir='ltr'><strong>praebent</strong></span> <span class='ocrx_word' id='word_1_66' title='bbox 1276 980 1516 1054; x_wconf 78' lang='lat' dir='ltr'><strong>argumentum:</strong></span> <span class='ocrx_word' id='word_1_67' title='bbox 1541 973 1693 1056; x_wconf 82' lang='lat' dir='ltr'><strong>languere</strong></span> <span class='ocrx_word' id='word_1_68' title='bbox 1719 973 1864 1038; x_wconf 92' lang='lat' dir='ltr'><strong>dolorem</strong></span> <span class='ocrx_word' id='word_1_69' title='bbox 1892 977 1991 1038; x_wconf 83' lang='lat' dir='ltr'><strong>sentit</strong></span> <span class='ocrx_word' id='word_1_70' title='bbox 2017 983 2050 1039; x_wconf 91' lang='lat' dir='ltr'><strong>et</strong></span> <span class='ocrx_word' id='word_1_71' title='bbox 2076 983 2114 1039; x_wconf 91' lang='lat' dir='ltr'><strong>nt</strong></span> 
     </span>
     <span class='ocr_line' id='line_1_6' title="bbox 269 1072 2112 1159; baseline 0.003 -24"><span class='ocrx_word' id='word_1_72' title='bbox 269 1079 374 1136; x_wconf 88' lang='lat' dir='ltr'><strong>servet</strong></span> <span class='ocrx_word' id='word_1_73' title='bbox 395 1075 563 1156; x_wconf 88' lang='lat' dir='ltr'><strong>impetum,</strong></span> <span class='ocrx_word' id='word_1_74' title='bbox 587 1095 621 1138; x_wconf 84' lang='lat' dir='ltr'><strong>aa</strong></span> <span class='ocrx_word' id='word_1_75' title='bbox 643 1072 835 1138; x_wconf 90' lang='lat' dir='ltr'><strong>adhortatur</strong></span> <span class='ocrx_word' id='word_1_76' title='bbox 862 1074 937 1158; x_wconf 92' lang='grc'>(307</span> <span class='ocrx_word' id='word_1_77' title='bbox 962 1097 1009 1158; x_wconf 91' lang='lat' dir='ltr'><strong>sq.</strong></span> <span class='ocrx_word' id='word_1_78' title='bbox 1032 1077 1149 1159; x_wconf 69' lang='grc'>43415).</span> <span class='ocrx_word' id='word_1_79' title='bbox 1192 1074 1261 1139; x_wconf 87' lang='lat' dir='ltr'><strong>Nee</strong></span> <span class='ocrx_word' id='word_1_80' title='bbox 1287 1095 1345 1139; x_wconf 89' lang='lat' dir='ltr'><strong>cur</strong></span> <span class='ocrx_word' id='word_1_81' title='bbox 1371 1074 1477 1139; x_wconf 91' lang='lat' dir='ltr'><strong>loonm</strong></span> <span class='ocrx_word' id='word_1_82' title='bbox 1499 1077 1617 1140; x_wconf 91' lang='lat' dir='ltr'><strong>iterum</strong></span> <span class='ocrx_word' id='word_1_83' title='bbox 1639 1077 1828 1140; x_wconf 80' lang='lat' dir='ltr'><strong>tractaverit</strong></span> <span class='ocrx_word' id='word_1_84' title='bbox 1849 1084 1958 1158; x_wconf 84' lang='lat' dir='ltr'><strong>poeta,</strong></span> <span class='ocrx_word' id='word_1_85' title='bbox 1981 1076 2112 1142; x_wconf 85' lang='lat' dir='ltr'><strong>difficile</strong></span> 
     </span>
     <span class='ocr_line' id='line_1_7' title="bbox 269 1174 1217 1260; baseline 0.003 -24"><span class='ocrx_word' id='word_1_86' title='bbox 269 1179 318 1236; x_wconf 89' lang='lat' dir='ltr'><strong>est</strong></span> <span class='ocrx_word' id='word_1_87' title='bbox 339 1174 534 1257; x_wconf 84' lang='lat' dir='ltr'><strong>intellegere.</strong></span> <span class='ocrx_word' id='word_1_88' title='bbox 578 1176 768 1240; x_wconf 88' lang='lat' dir='ltr'><strong>Allexerunt</strong></span> <span class='ocrx_word' id='word_1_89' title='bbox 790 1198 862 1240; x_wconf 90' lang='lat' dir='ltr'><strong>enm</strong></span> <span class='ocrx_word' id='word_1_90' title='bbox 884 1177 1007 1242; x_wconf 90' lang='lat' dir='ltr'><strong>colores</strong></span> <span class='ocrx_word' id='word_1_91' title='bbox 1029 1177 1062 1241; x_wconf 94' lang='lat' dir='ltr'><strong>hi</strong></span> <span class='ocrx_word' id='word_1_92' title='bbox 1083 1178 1217 1260; x_wconf 83' lang='lat' dir='ltr'><strong>egregii:</strong></span> 
     </span>
     <span class='ocr_line' id='line_1_8' title="bbox 356 1277 1436 1345; baseline 0.005 -7"><span class='ocrx_word' id='word_1_93' title='bbox 356 1299 382 1340; x_wconf 91' lang='lat' dir='ltr'><strong>v.</strong></span> <span class='ocrx_word' id='word_1_94' title='bbox 405 1281 483 1342; x_wconf 83' lang='lat'><strong>436:</strong></span> <span class='ocrx_word' id='word_1_95' title='bbox 506 1277 599 1342; x_wconf 87' lang='lat' dir='ltr'><strong>Nutr.</strong></span> <span class='ocrx_word' id='word_1_96' title='bbox 623 1278 765 1344; x_wconf 90' lang='lat' dir='ltr'><strong>Perimes</strong></span> <span class='ocrx_word' id='word_1_97' title='bbox 785 1281 956 1344; x_wconf 84' lang='lat' dir='ltr'><strong>maritum?</strong></span> <span class='ocrx_word' id='word_1_98' title='bbox 979 1280 1046 1344; x_wconf 90' lang='lat' dir='ltr'><strong>Dei.</strong></span> <span class='ocrx_word' id='word_1_99' title='bbox 1070 1280 1207 1345; x_wconf 90' lang='lat' dir='ltr'><strong>Paelicis</strong></span> <span class='ocrx_word' id='word_1_100' title='bbox 1228 1287 1315 1344; x_wconf 87' lang='lat' dir='ltr'><strong>certe</strong></span> <span class='ocrx_word' id='word_1_101' title='bbox 1337 1301 1436 1344; x_wconf 92' lang='lat' dir='ltr'><strong>meae.</strong></span> 
     </span>
     <span class='ocr_line' id='line_1_9' title="bbox 505 1377 1556 1466; baseline 0.001 -23"><span class='ocrx_word' id='word_1_102' title='bbox 505 1377 599 1444; x_wconf 90' lang='lat' dir='ltr'><strong>Nutr.</strong></span> <span class='ocrx_word' id='word_1_103' title='bbox 620 1383 665 1445; x_wconf 88' lang='lat' dir='ltr'><strong>At</strong></span> <span class='ocrx_word' id='word_1_104' title='bbox 685 1381 765 1446; x_wconf 88' lang='lat' dir='ltr'><strong>Jove</strong></span> <span class='ocrx_word' id='word_1_105' title='bbox 789 1383 952 1446; x_wconf 84' lang='lat' dir='ltr'><strong>creatum?</strong></span> <span class='ocrx_word' id='word_1_106' title='bbox 974 1383 1043 1447; x_wconf 94' lang='lat' dir='ltr'><strong>Dei.</strong></span> <span class='ocrx_word' id='word_1_107' title='bbox 1066 1383 1190 1466; x_wconf 91' lang='lat' dir='ltr'><strong>Nempe</strong></span> <span class='ocrx_word' id='word_1_108' title='bbox 1211 1390 1246 1445; x_wconf 90' lang='lat' dir='ltr'><strong>et</strong></span> <span class='ocrx_word' id='word_1_109' title='bbox 1265 1381 1419 1446; x_wconf 91' lang='lat' dir='ltr'><strong>Alcmena</strong></span> <span class='ocrx_word' id='word_1_110' title='bbox 1441 1389 1556 1446; x_wconf 87' lang='lat' dir='ltr'><strong>saturn.</strong></span> 
     </span>
     <span class='ocr_line' id='line_1_10' title="bbox 405 1482 1590 1562; baseline 0.001 -16"><span class='ocrx_word' id='word_1_111' title='bbox 405 1485 482 1546; x_wconf 80' lang='lat'>439:</span> <span class='ocrx_word' id='word_1_112' title='bbox 505 1482 598 1548; x_wconf 91' lang='lat' dir='ltr'><strong>Nutr.</strong></span> <span class='ocrx_word' id='word_1_113' title='bbox 622 1482 700 1560; x_wconf 84' lang='lat' dir='ltr'><strong>Quis</strong></span> <span class='ocrx_word' id='word_1_114' title='bbox 721 1483 781 1549; x_wconf 86' lang='lat' dir='ltr'><strong>isto</strong></span> <span class='ocrx_word' id='word_1_115' title='bbox 795 1483 894 1548; x_wconf 85' lang='lat' dir='ltr'><strong>-furor</strong></span> <span class='ocrx_word' id='word_1_116' title='bbox 915 1485 982 1550; x_wconf 84' lang='lat' dir='ltr'><strong>est?</strong></span> <span class='ocrx_word' id='word_1_117' title='bbox 1005 1485 1072 1550; x_wconf 92' lang='lat' dir='ltr'><strong>Dei.</strong></span> <span class='ocrx_word' id='word_1_118' title='bbox 1096 1484 1198 1562; x_wconf 82' lang='lat' dir='ltr'><strong>Quem</strong></span> <span class='ocrx_word' id='word_1_119' title='bbox 1215 1504 1306 1549; x_wconf 89' lang='lat' dir='ltr'><strong>meus</strong></span> <span class='ocrx_word' id='word_1_120' title='bbox 1326 1485 1466 1548; x_wconf 86' lang='lat' dir='ltr'><strong>coniunx</strong></span> <span class='ocrx_word' id='word_1_121' title='bbox 1489 1486 1590 1549; x_wconf 88' lang='lat' dir='ltr'><strong>docet.</strong></span> 
     </span>
    </p>

    <p class='ocr_par' dir='ltr' id='par_1_2' title="bbox 503 1584 1510 1670">
     <span class='ocr_line' id='line_1_11' title="bbox 503 1584 1510 1670; baseline 0 -21"><span class='ocrx_word' id='word_1_122' title='bbox 503 1584 596 1650; x_wconf 90' lang='lat' dir='ltr'><strong>Nutr.</strong></span> <span class='ocrx_word' id='word_1_123' title='bbox 619 1585 720 1662; x_wconf 81' lang='lat' dir='ltr'><strong>Quem</strong></span> <span class='ocrx_word' id='word_1_124' title='bbox 743 1606 801 1650; x_wconf 92' lang='lat' dir='ltr'><strong>neo</strong></span> <span class='ocrx_word' id='word_1_125' title='bbox 823 1606 962 1651; x_wconf 88' lang='lat' dir='ltr'><strong>noverca</strong></span> <span class='ocrx_word' id='word_1_126' title='bbox 981 1589 1100 1670; x_wconf 90' lang='lat' dir='ltr'><strong>potnit,</strong></span> <span class='ocrx_word' id='word_1_127' title='bbox 1124 1587 1210 1651; x_wconf 89' lang='lat' dir='ltr'><strong>hune</strong></span> <span class='ocrx_word' id='word_1_128' title='bbox 1230 1589 1367 1668; x_wconf 89' lang='lat' dir='ltr'><strong>perimes</strong></span> <span class='ocrx_word' id='word_1_129' title='bbox 1388 1588 1510 1650; x_wconf 78' lang='lat' dir='ltr'><strong>virum?</strong></span> 
     </span>
    </p>

    <p class='ocr_par' dir='ltr' id='par_1_3' title="bbox 421 1675 1657 1772">
     <span class='ocr_line' id='line_1_12' title="bbox 421 1675 1657 1772; baseline 0.003 -22"><span class='ocrx_word' id='word_1_130' title='bbox 421 1675 423 1682; x_wconf 47' lang='lat'><strong>¹</strong></span> <span class='ocrx_word' id='word_1_131' title='bbox 504 1687 569 1751; x_wconf 92' lang='lat' dir='ltr'><strong>Dei.</strong></span> <span class='ocrx_word' id='word_1_132' title='bbox 594 1686 746 1752; x_wconf 83' lang='lat' dir='ltr'><strong>Caelestis</strong></span> <span class='ocrx_word' id='word_1_133' title='bbox 770 1690 830 1766; x_wconf 91' lang='lat' dir='ltr'><strong>ira,</strong></span> <span class='ocrx_word' id='word_1_134' title='bbox 854 1709 935 1772; x_wconf 89' lang='lat' dir='ltr'><strong>quos</strong></span> <span class='ocrx_word' id='word_1_135' title='bbox 957 1691 1088 1772; x_wconf 83' lang='lat' dir='ltr'><strong>premit,</strong></span> <span class='ocrx_word' id='word_1_136' title='bbox 1110 1690 1245 1754; x_wconf 91' lang='lat' dir='ltr'><strong>miseros</strong></span> <span class='ocrx_word' id='word_1_137' title='bbox 1266 1688 1357 1752; x_wconf 83' lang='lat' dir='ltr'><strong>facit:</strong></span> <span class='ocrx_word' id='word_1_138' title='bbox 1379 1687 1523 1754; x_wconf 90' lang='lat' dir='ltr'><strong>humana</strong></span> <span class='ocrx_word' id='word_1_139' title='bbox 1544 1691 1657 1754; x_wconf 92' lang='lat' dir='ltr'><strong>nullos.</strong></span> 
     </span>
    </p>

    <p class='ocr_par' dir='ltr' id='par_1_4' title="bbox 268 1788 2111 2064">
     <span class='ocr_line' id='line_1_13' title="bbox 421 1788 2110 1874; baseline 0.003 -23"><span class='ocrx_word' id='word_1_140' title='bbox 421 1788 619 1854; x_wconf 82' lang='lat' dir='ltr'><strong>Procedente</strong></span> <span class='ocrx_word' id='word_1_141' title='bbox 638 1791 738 1872; x_wconf 91' lang='lat' dir='ltr'><strong>igitur</strong></span> <span class='ocrx_word' id='word_1_142' title='bbox 760 1811 856 1874; x_wconf 91' lang='lat' dir='ltr'><strong>opere</strong></span> <span class='ocrx_word' id='word_1_143' title='bbox 878 1792 1062 1856; x_wconf 89' lang='lat' dir='ltr'><strong>inciderunt</strong></span> <span class='ocrx_word' id='word_1_144' title='bbox 1076 1800 1204 1874; x_wconf 85' lang='lat' dir='ltr'><strong>poetae,</strong></span> <span class='ocrx_word' id='word_1_145' title='bbox 1226 1813 1310 1873; x_wconf 89' lang='lat' dir='ltr'><strong>qnae</strong></span> <span class='ocrx_word' id='word_1_146' title='bbox 1331 1790 1466 1856; x_wconf 90' lang='lat' dir='ltr'><strong>meliora</strong></span> <span class='ocrx_word' id='word_1_147' title='bbox 1480 1791 1684 1869; x_wconf 85' lang='lat' dir='ltr'><strong>videbantur,</strong></span> <span class='ocrx_word' id='word_1_148' title='bbox 1706 1813 1805 1873; x_wconf 90' lang='lat' dir='ltr'><strong>quam</strong></span> <span class='ocrx_word' id='word_1_149' title='bbox 1824 1812 1907 1873; x_wconf 91' lang='lat' dir='ltr'><strong>quae</strong></span> <span class='ocrx_word' id='word_1_150' title='bbox 1927 1793 2110 1873; x_wconf 83' lang='lat' dir='ltr'><strong>scripserat.</strong></span> 
     </span>
     <span class='ocr_line' id='line_1_14' title="bbox 268 1886 2111 1977; baseline 0.003 -26"><span class='ocrx_word' id='word_1_151' title='bbox 268 1889 403 1954; x_wconf 79' lang='lat' dir='ltr'><strong>Addidit</strong></span> <span class='ocrx_word' id='word_1_152' title='bbox 423 1890 517 1970; x_wconf 90' lang='lat' dir='ltr'><strong>haee,</strong></span> <span class='ocrx_word' id='word_1_153' title='bbox 546 1913 585 1957; x_wconf 91' lang='lat' dir='ltr'><strong>ne</strong></span> <span class='ocrx_word' id='word_1_154' title='bbox 608 1893 768 1958; x_wconf 86' lang='lat' dir='ltr'><strong>scribendi</strong></span> <span class='ocrx_word' id='word_1_155' title='bbox 790 1915 920 1958; x_wconf 90' lang='lat' dir='ltr'><strong>cursum</strong></span> <span class='ocrx_word' id='word_1_156' title='bbox 942 1894 1206 1977; x_wconf 82' lang='lat' dir='ltr'><strong>interrumperet,</strong></span> <span class='ocrx_word' id='word_1_157' title='bbox 1233 1914 1271 1958; x_wconf 84' lang='lat' dir='ltr'><strong>ao</strong></span> <span class='ocrx_word' id='word_1_158' title='bbox 1296 1895 1466 1977; x_wconf 88' lang='lat' dir='ltr'><strong>posteriori</strong></span> <span class='ocrx_word' id='word_1_159' title='bbox 1491 1915 1588 1958; x_wconf 90' lang='lat' dir='ltr'><strong>curae</strong></span> <span class='ocrx_word' id='word_1_160' title='bbox 1611 1895 1742 1975; x_wconf 90' lang='lat' dir='ltr'><strong>reliquit</strong></span> <span class='ocrx_word' id='word_1_161' title='bbox 1764 1895 1902 1959; x_wconf 87' lang='lat' dir='ltr'><strong>alterum</strong></span> <span class='ocrx_word' id='word_1_162' title='bbox 1924 1886 2030 1958; x_wconf 90' lang='lat' dir='ltr'><strong>locum</strong></span> <span class='ocrx_word' id='word_1_163' title='bbox 2053 1903 2111 1958; x_wconf 89' lang='lat' dir='ltr'><strong>ant</strong></span> 
     </span>
     <span class='ocr_line' id='line_1_15' title="bbox 268 1991 1020 2064; baseline 0.015 -11"><span class='ocrx_word' id='word_1_164' title='bbox 268 1991 376 2056; x_wconf 91' lang='lat' dir='ltr'><strong>delere</strong></span> <span class='ocrx_word' id='word_1_165' title='bbox 397 2001 454 2061; x_wconf 88' lang='lat' dir='ltr'><strong>aut</strong></span> <span class='ocrx_word' id='word_1_166' title='bbox 477 2015 550 2058; x_wconf 89' lang='lat' dir='ltr'><strong>cum</strong></span> <span class='ocrx_word' id='word_1_167' title='bbox 571 1995 674 2060; x_wconf 91' lang='lat' dir='ltr'><strong>altero</strong></span> <span class='ocrx_word' id='word_1_168' title='bbox 695 1997 727 2058; x_wconf 92' lang='lat' dir='ltr'><strong>in</strong></span> <span class='ocrx_word' id='word_1_169' title='bbox 751 2017 851 2062; x_wconf 89' lang='lat' dir='ltr'><strong>nuum</strong></span> <span class='ocrx_word' id='word_1_170' title='bbox 872 1994 1020 2064; x_wconf 87' lang='lat' dir='ltr'><strong>conflare.</strong></span> 
     </span>
    </p>

    <p class='ocr_par' dir='ltr' id='par_1_5' title="bbox 264 2081 2122 3408">
     <span class='ocr_line' id='line_1_16' title="bbox 421 2081 2110 2183; baseline 0.001 -22"><span class='ocrx_word' id='word_1_171' title='bbox 421 2095 539 2162; x_wconf 90' lang='lat' dir='ltr'><strong>Similis</strong></span> <span class='ocrx_word' id='word_1_172' title='bbox 566 2097 649 2162; x_wconf 91' lang='lat' dir='ltr'><strong>ratio</strong></span> <span class='ocrx_word' id='word_1_173' title='bbox 676 2106 726 2164; x_wconf 90' lang='lat' dir='ltr'><strong>est</strong></span> <span class='ocrx_word' id='word_1_174' title='bbox 751 2081 820 2163; x_wconf 82' lang='lat' dir='ltr'><strong>eius</strong></span> <span class='ocrx_word' id='word_1_175' title='bbox 844 2119 972 2176; x_wconf 87' lang='lat' dir='ltr'><strong>scenae,</strong></span> <span class='ocrx_word' id='word_1_176' title='bbox 999 2101 1033 2162; x_wconf 91' lang='lat' dir='ltr'><strong>in</strong></span> <span class='ocrx_word' id='word_1_177' title='bbox 1059 2117 1126 2181; x_wconf 91' lang='lat' dir='ltr'><strong>qua</strong></span> <span class='ocrx_word' id='word_1_178' title='bbox 1154 2098 1306 2164; x_wconf 86' lang='lat' dir='ltr'><strong>Deianira</strong></span> <span class='ocrx_word' id='word_1_179' title='bbox 1330 2099 1534 2163; x_wconf 91' lang='lat' dir='ltr'><strong>moriendum</strong></span> <span class='ocrx_word' id='word_1_180' title='bbox 1556 2097 1617 2162; x_wconf 91' lang='lat' dir='ltr'><strong>sibi</strong></span> <span class='ocrx_word' id='word_1_181' title='bbox 1645 2119 1714 2162; x_wconf 90' lang='lat' dir='ltr'><strong>esse</strong></span> <span class='ocrx_word' id='word_1_182' title='bbox 1740 2101 1855 2162; x_wconf 87' lang='lat' dir='ltr'><strong>statuit</strong></span> <span class='ocrx_word' id='word_1_183' title='bbox 1881 2116 1923 2183; x_wconf 69' lang='grc' dir='ltr'><strong>(ν.</strong></span> <span class='ocrx_word' id='word_1_184' title='bbox 1951 2102 2013 2164; x_wconf 79' lang='lat'><strong>842</strong></span> <span class='ocrx_word' id='word_1_185' title='bbox 2037 2109 2110 2180; x_wconf 79' lang='lat' dir='ltr'><strong>sq.).</strong></span> 
     </span>
     <span class='ocr_line' id='line_1_17' title="bbox 267 2196 2110 2284; baseline 0.002 -24"><span class='ocrx_word' id='word_1_186' title='bbox 267 2196 356 2272; x_wconf 85' lang='lat' dir='ltr'><strong>Quae</strong></span> <span class='ocrx_word' id='word_1_187' title='bbox 388 2218 498 2276; x_wconf 87' lang='lat' dir='ltr'><strong>scena,</strong></span> <span class='ocrx_word' id='word_1_188' title='bbox 531 2199 557 2264; x_wconf 92' lang='lat' dir='ltr'><strong>si</strong></span> <span class='ocrx_word' id='word_1_189' title='bbox 588 2205 660 2264; x_wconf 86' lang='lat' dir='ltr'><strong>totu</strong></span> <span class='ocrx_word' id='word_1_190' title='bbox 690 2207 869 2282; x_wconf 90' lang='lat' dir='ltr'><strong>spectatur,</strong></span> <span class='ocrx_word' id='word_1_191' title='bbox 901 2200 997 2265; x_wconf 93' lang='lat' dir='ltr'><strong>laude</strong></span> <span class='ocrx_word' id='word_1_192' title='bbox 1028 2221 1093 2266; x_wconf 88' lang='lat' dir='ltr'><strong>nou</strong></span> <span class='ocrx_word' id='word_1_193' title='bbox 1125 2201 1259 2284; x_wconf 88' lang='lat' dir='ltr'><strong>indigna</strong></span> <span class='ocrx_word' id='word_1_194' title='bbox 1288 2222 1328 2265; x_wconf 85' lang='lat' dir='ltr'><strong>ax</strong></span> <span class='ocrx_word' id='word_1_195' title='bbox 1358 2208 1451 2284; x_wconf 90' lang='lat' dir='ltr'><strong>parte</strong></span> <span class='ocrx_word' id='word_1_196' title='bbox 1482 2201 1624 2282; x_wconf 91' lang='lat' dir='ltr'><strong>quadam</strong></span> <span class='ocrx_word' id='word_1_197' title='bbox 1652 2199 1788 2265; x_wconf 90' lang='lat' dir='ltr'><strong>laborat.</strong></span> <span class='ocrx_word' id='word_1_198' title='bbox 1838 2201 1997 2264; x_wconf 83' lang='lat' dir='ltr'><strong>Moriendi</strong></span> <span class='ocrx_word' id='word_1_199' title='bbox 2025 2202 2110 2264; x_wconf 88' lang='lat' dir='ltr'><strong>euim</strong></span> 
     </span>
     <span class='ocr_line' id='line_1_18' title="bbox 266 2300 2112 2386; baseline 0.002 -23"><span class='ocrx_word' id='word_1_200' title='bbox 266 2300 398 2364; x_wconf 90' lang='lat' dir='ltr'><strong>consilio</strong></span> <span class='ocrx_word' id='word_1_201' title='bbox 422 2307 516 2382; x_wconf 89' lang='lat' dir='ltr'><strong>capto</strong></span> <span class='ocrx_word' id='word_1_202' title='bbox 539 2302 693 2366; x_wconf 90' lang='lat' dir='ltr'><strong>Deianira</strong></span> <span class='ocrx_word' id='word_1_203' title='bbox 715 2303 824 2368; x_wconf 91' lang='lat' dir='ltr'><strong>multis</strong></span> <span class='ocrx_word' id='word_1_204' title='bbox 846 2302 951 2368; x_wconf 91' lang='lat' dir='ltr'><strong>verbis</strong></span> <span class='ocrx_word' id='word_1_205' title='bbox 974 2304 1014 2367; x_wconf 91' lang='lat' dir='ltr'><strong>de</strong></span> <span class='ocrx_word' id='word_1_206' title='bbox 1036 2325 1151 2386; x_wconf 91' lang='lat' dir='ltr'><strong>genere</strong></span> <span class='ocrx_word' id='word_1_207' title='bbox 1173 2305 1288 2369; x_wconf 88' lang='lat' dir='ltr'><strong>mortis</strong></span> <span class='ocrx_word' id='word_1_208' title='bbox 1309 2303 1448 2368; x_wconf 90' lang='lat' dir='ltr'><strong>dubitat.</strong></span> <span class='ocrx_word' id='word_1_209' title='bbox 1494 2301 1575 2367; x_wconf 84' lang='lat' dir='ltr'><strong>Cum</strong></span> <span class='ocrx_word' id='word_1_210' title='bbox 1597 2304 1682 2367; x_wconf 89' lang='lat' dir='ltr'><strong>enim</strong></span> <span class='ocrx_word' id='word_1_211' title='bbox 1705 2305 1823 2366; x_wconf 87' lang='lat' dir='ltr'><strong>nemini</strong></span> <span class='ocrx_word' id='word_1_212' title='bbox 1839 2302 1932 2366; x_wconf 83' lang='lat' dir='ltr'><strong>facilc</strong></span> <span class='ocrx_word' id='word_1_213' title='bbox 1948 2304 1990 2366; x_wconf 89' lang='lat' dir='ltr'><strong>sit</strong></span> <span class='ocrx_word' id='word_1_214' title='bbox 2006 2305 2112 2384; x_wconf 91' lang='lat' dir='ltr'><strong>ipsum</strong></span> 
     </span>
     <span class='ocr_line' id='line_1_19' title="bbox 265 2402 2109 2489; baseline 0 -22"><span class='ocrx_word' id='word_1_215' title='bbox 265 2402 325 2467; x_wconf 90' lang='lat' dir='ltr'><strong>sibi</strong></span> <span class='ocrx_word' id='word_1_216' title='bbox 352 2423 483 2468; x_wconf 91' lang='lat' dir='ltr'><strong>manum</strong></span> <span class='ocrx_word' id='word_1_217' title='bbox 512 2403 641 2482; x_wconf 87' lang='lat' dir='ltr'><strong>inferre,</strong></span> <span class='ocrx_word' id='word_1_218' title='bbox 669 2407 775 2470; x_wconf 88' lang='lat' dir='ltr'><strong>variae</strong></span> <span class='ocrx_word' id='word_1_219' title='bbox 804 2407 890 2470; x_wconf 87' lang='lat' dir='ltr'><strong>necis</strong></span> <span class='ocrx_word' id='word_1_220' title='bbox 916 2407 1071 2489; x_wconf 85' lang='lat' dir='ltr'><strong>imagines</strong></span> <span class='ocrx_word' id='word_1_221' title='bbox 1098 2407 1199 2471; x_wconf 85' lang='lat' dir='ltr'><strong>oculis</strong></span> <span class='ocrx_word' id='word_1_222' title='bbox 1225 2408 1389 2489; x_wconf 91' lang='lat' dir='ltr'><strong>proponit,</strong></span> <span class='ocrx_word' id='word_1_223' title='bbox 1422 2408 1513 2486; x_wconf 89' lang='lat' dir='ltr'><strong>qnasi</strong></span> <span class='ocrx_word' id='word_1_224' title='bbox 1541 2413 1578 2470; x_wconf 88' lang='lat' dir='ltr'><strong>nt</strong></span> <span class='ocrx_word' id='word_1_225' title='bbox 1602 2407 1745 2468; x_wconf 89' lang='lat' dir='ltr'><strong>animum</strong></span> <span class='ocrx_word' id='word_1_226' title='bbox 1774 2407 1816 2469; x_wconf 87' lang='lat' dir='ltr'><strong>ad</strong></span> <span class='ocrx_word' id='word_1_227' title='bbox 1843 2405 1943 2470; x_wconf 85' lang='lat' dir='ltr'><strong>feram</strong></span> <span class='ocrx_word' id='word_1_228' title='bbox 1970 2407 2109 2486; x_wconf 88' lang='lat' dir='ltr'><strong>speciem</strong></span> 
     </span>
     <span class='ocr_line' id='line_1_20' title="bbox 266 2505 2112 2591; baseline 0.001 -23"><span class='ocrx_word' id='word_1_229' title='bbox 266 2505 457 2570; x_wconf 82' lang='lat' dir='ltr'><strong>assuefaciat</strong></span> <span class='ocrx_word' id='word_1_230' title='bbox 493 2513 525 2570; x_wconf 89' lang='lat' dir='ltr'><strong>et</strong></span> <span class='ocrx_word' id='word_1_231' title='bbox 551 2506 593 2570; x_wconf 90' lang='lat' dir='ltr'><strong>ad</strong></span> <span class='ocrx_word' id='word_1_232' title='bbox 619 2509 727 2591; x_wconf 70' lang='lat' dir='ltr'><strong>audap</strong></span> <span class='ocrx_word' id='word_1_233' title='bbox 753 2507 877 2573; x_wconf 81' lang='lat' dir='ltr'><strong>facinus</strong></span> <span class='ocrx_word' id='word_1_234' title='bbox 905 2506 1082 2574; x_wconf 91' lang='lat' dir='ltr'><strong>confirmet.</strong></span> <span class='ocrx_word' id='word_1_235' title='bbox 1130 2509 1219 2573; x_wconf 92' lang='lat' dir='ltr'><strong>Idem</strong></span> <span class='ocrx_word' id='word_1_236' title='bbox 1251 2508 1329 2573; x_wconf 87' lang='lat' dir='ltr'><strong>facit</strong></span> <span class='ocrx_word' id='word_1_237' title='bbox 1354 2507 1488 2572; x_wconf 88' lang='lat' dir='ltr'><strong>Jocasta</strong></span> <span class='ocrx_word' id='word_1_238' title='bbox 1518 2509 1551 2571; x_wconf 93' lang='lat' dir='ltr'><strong>in</strong></span> <span class='ocrx_word' id='word_1_239' title='bbox 1578 2507 1700 2590; x_wconf 90' lang='lat' dir='ltr'><strong>Oedipo</strong></span> <span class='ocrx_word' id='word_1_240' title='bbox 1732 2510 1878 2589; x_wconf 89' lang='lat' dir='ltr'><strong>quamvis</strong></span> <span class='ocrx_word' id='word_1_241' title='bbox 1904 2506 2112 2590; x_wconf 88' lang='lat' dir='ltr'><strong>paucioribus</strong></span> 
     </span>
     <span class='ocr_line' id='line_1_21' title="bbox 266 2607 2110 2695; baseline 0.001 -24"><span class='ocrx_word' id='word_1_242' title='bbox 266 2608 363 2688; x_wconf 80' lang='lat'>(1024</span> <span class='ocrx_word' id='word_1_243' title='bbox 398 2613 469 2690; x_wconf 89' lang='lat' dir='ltr'><strong>sq.).</strong></span> <span class='ocrx_word' id='word_1_244' title='bbox 529 2607 591 2674; x_wconf 87' lang='lat' dir='ltr'><strong>Sed</strong></span> <span class='ocrx_word' id='word_1_245' title='bbox 617 2610 686 2674; x_wconf 91' lang='lat' dir='ltr'><strong>iure</strong></span> <span class='ocrx_word' id='word_1_246' title='bbox 712 2631 770 2676; x_wconf 90' lang='lat' dir='ltr'><strong>suo</strong></span> <span class='ocrx_word' id='word_1_247' title='bbox 798 2611 863 2674; x_wconf 88' lang='lat' dir='ltr'><strong>Leo</strong></span> <span class='ocrx_word' id='word_1_248' title='bbox 874 2614 899 2695; x_wconf 87' lang='lat'><strong>¹)</strong></span> <span class='ocrx_word' id='word_1_249' title='bbox 925 2613 959 2674; x_wconf 91' lang='lat' dir='ltr'><strong>in</strong></span> <span class='ocrx_word' id='word_1_250' title='bbox 985 2609 1046 2676; x_wconf 92' lang='lat' dir='ltr'><strong>hoc</strong></span> <span class='ocrx_word' id='word_1_251' title='bbox 1072 2611 1144 2677; x_wconf 93' lang='lat' dir='ltr'><strong>loco</strong></span> <span class='ocrx_word' id='word_1_252' title='bbox 1170 2611 1376 2694; x_wconf 78' lang='lat' dir='ltr'><strong>vituperavit,</strong></span> <span class='ocrx_word' id='word_1_253' title='bbox 1403 2610 1502 2691; x_wconf 49' lang='lat' dir='ltr'><strong>quod.</strong></span> <span class='ocrx_word' id='word_1_254' title='bbox 1519 2618 1569 2674; x_wconf 88' lang='lat' dir='ltr'><strong>ter</strong></span> <span class='ocrx_word' id='word_1_255' title='bbox 1598 2609 1749 2674; x_wconf 89' lang='lat' dir='ltr'><strong>Deianira</strong></span> <span class='ocrx_word' id='word_1_256' title='bbox 1776 2609 1896 2674; x_wconf 84' lang='lat' dir='ltr'><strong>terrum</strong></span> <span class='ocrx_word' id='word_1_257' title='bbox 1924 2610 1982 2674; x_wconf 90' lang='lat' dir='ltr'><strong>sibi</strong></span> <span class='ocrx_word' id='word_1_258' title='bbox 2005 2610 2110 2692; x_wconf 89' lang='lat' dir='ltr'><strong>eligit,</strong></span> 
     </span>
     <span class='ocr_line' id='line_1_22' title="bbox 265 2710 2108 2798; baseline 0.001 -24"><span class='ocrx_word' id='word_1_259' title='bbox 265 2719 315 2774; x_wconf 90' lang='lat' dir='ltr'><strong>ter</strong></span> <span class='ocrx_word' id='word_1_260' title='bbox 345 2710 507 2792; x_wconf 89' lang='lat' dir='ltr'><strong>improbat</strong></span> <span class='ocrx_word' id='word_1_261' title='bbox 533 2711 574 2792; x_wconf 87' lang='lat' dir='ltr'><strong>(v.</strong></span> <span class='ocrx_word' id='word_1_262' title='bbox 597 2713 670 2778; x_wconf 84' lang='grc'>845.</span> <span class='ocrx_word' id='word_1_263' title='bbox 694 2717 765 2780; x_wconf 80' lang='grc'>858.</span> <span class='ocrx_word' id='word_1_264' title='bbox 789 2713 876 2798; x_wconf 91' lang='grc'>868),</span> <span class='ocrx_word' id='word_1_265' title='bbox 933 2713 1107 2780; x_wconf 89' lang='lat' dir='ltr'><strong>Praeterea</strong></span> <span class='ocrx_word' id='word_1_266' title='bbox 1132 2714 1181 2778; x_wconf 89' lang='lat' dir='ltr'><strong>bis</strong></span> <span class='ocrx_word' id='word_1_267' title='bbox 1207 2713 1319 2778; x_wconf 89' lang='lat' dir='ltr'><strong>similis</strong></span> <span class='ocrx_word' id='word_1_268' title='bbox 1345 2733 1456 2789; x_wconf 88' lang='lat' dir='ltr'><strong>cansa,</strong></span> <span class='ocrx_word' id='word_1_269' title='bbox 1489 2735 1546 2776; x_wconf 91' lang='lat' dir='ltr'><strong>our</strong></span> <span class='ocrx_word' id='word_1_270' title='bbox 1572 2713 1694 2776; x_wconf 81' lang='lat' dir='ltr'><strong>ferrum</strong></span> <span class='ocrx_word' id='word_1_271' title='bbox 1718 2712 1929 2794; x_wconf 88' lang='lat' dir='ltr'><strong>improbetur,</strong></span> <span class='ocrx_word' id='word_1_272' title='bbox 1963 2713 2108 2776; x_wconf 90' lang='lat' dir='ltr'><strong>additur:</strong></span> 
     </span>
     <span class='ocr_line' id='line_1_23' title="bbox 264 2812 2109 2900; baseline 0.001 -24"><span class='ocrx_word' id='word_1_273' title='bbox 264 2813 416 2877; x_wconf 88' lang='lat' dir='ltr'><strong>leviorem</strong></span> <span class='ocrx_word' id='word_1_274' title='bbox 442 2812 526 2878; x_wconf 89' lang='lat' dir='ltr'><strong>hanc</strong></span> <span class='ocrx_word' id='word_1_275' title='bbox 553 2834 621 2878; x_wconf 88' lang='lat' dir='ltr'><strong>esse</strong></span> <span class='ocrx_word' id='word_1_276' title='bbox 648 2821 786 2879; x_wconf 89' lang='lat' dir='ltr'><strong>mortem</strong></span> <span class='ocrx_word' id='word_1_277' title='bbox 812 2815 854 2898; x_wconf 89' lang='lat' dir='ltr'><strong>(v.</strong></span> <span class='ocrx_word' id='word_1_278' title='bbox 877 2815 984 2899; x_wconf 69' lang='lat' dir='ltr'><strong>anast.</strong></span> <span class='ocrx_word' id='word_1_279' title='bbox 1008 2817 1096 2900; x_wconf 90' lang='grc'>870).</span> <span class='ocrx_word' id='word_1_280' title='bbox 1153 2817 1235 2882; x_wconf 88' lang='lat' dir='ltr'><strong>Hinc</strong></span> <span class='ocrx_word' id='word_1_281' title='bbox 1261 2822 1370 2880; x_wconf 89' lang='lat' dir='ltr'><strong>autem</strong></span> <span class='ocrx_word' id='word_1_282' title='bbox 1397 2813 1458 2878; x_wconf 91' lang='lat' dir='ltr'><strong>loci</strong></span> <span class='ocrx_word' id='word_1_283' title='bbox 1484 2814 1569 2879; x_wconf 83' lang='lat' dir='ltr'><strong>inter</strong></span> <span class='ocrx_word' id='word_1_284' title='bbox 1595 2836 1629 2880; x_wconf 88' lang='lat' dir='ltr'><strong>se</strong></span> <span class='ocrx_word' id='word_1_285' title='bbox 1654 2816 1852 2897; x_wconf 89' lang='lat' dir='ltr'><strong>discrepant:</strong></span> <span class='ocrx_word' id='word_1_286' title='bbox 1881 2817 1913 2879; x_wconf 91' lang='lat' dir='ltr'><strong>in</strong></span> <span class='ocrx_word' id='word_1_287' title='bbox 1940 2815 1995 2880; x_wconf 92' lang='lat' dir='ltr'><strong>illo</strong></span> <span class='ocrx_word' id='word_1_288' title='bbox 2024 2817 2109 2879; x_wconf 89' lang='lat' dir='ltr'><strong>enim</strong></span> 
     </span>
     <span class='ocr_line' id='line_1_24' title="bbox 264 2914 2109 3003; baseline 0.001 -23"><span class='ocrx_word' id='word_1_289' title='bbox 264 2919 342 2994; x_wconf 90' lang='grc'>(847</span> <span class='ocrx_word' id='word_1_290' title='bbox 366 2915 430 2999; x_wconf 90' lang='lat' dir='ltr'><strong>sq.)</strong></span> <span class='ocrx_word' id='word_1_291' title='bbox 449 2914 470 2979; x_wconf 91' lang='lat' dir='ltr'><strong>J</strong></span> <span class='ocrx_word' id='word_1_292' title='bbox 472 2917 551 2993; x_wconf 85' lang='lat' dir='ltr'><strong>ovis,</strong></span> <span class='ocrx_word' id='word_1_293' title='bbox 575 2918 607 2980; x_wconf 91' lang='lat' dir='ltr'><strong>iu</strong></span> <span class='ocrx_word' id='word_1_294' title='bbox 629 2914 690 2981; x_wconf 93' lang='lat' dir='ltr'><strong>hoc</strong></span> <span class='ocrx_word' id='word_1_295' title='bbox 712 2916 878 2981; x_wconf 90' lang='lat' dir='ltr'><strong>hominum</strong></span> <span class='ocrx_word' id='word_1_296' title='bbox 894 2937 1008 2982; x_wconf 91' lang='lat' dir='ltr'><strong>manns</strong></span> <span class='ocrx_word' id='word_1_297' title='bbox 1023 2918 1239 3001; x_wconf 90' lang='lat' dir='ltr'><strong>implorantur</strong></span> <span class='ocrx_word' id='word_1_298' title='bbox 1255 2918 1358 3003; x_wconf 91' lang='grc'>(871).</span> <span class='ocrx_word' id='word_1_299' title='bbox 1403 2915 1511 2982; x_wconf 80' lang='lat' dir='ltr'><strong>Tertio</strong></span> <span class='ocrx_word' id='word_1_300' title='bbox 1527 2917 1597 2982; x_wconf 91' lang='lat' dir='ltr'><strong>loco</strong></span> <span class='ocrx_word' id='word_1_301' title='bbox 1614 2918 1691 3000; x_wconf 81' lang='grc'>(859</span> <span class='ocrx_word' id='word_1_302' title='bbox 1715 2923 1777 3000; x_wconf 86' lang='lat' dir='ltr'><strong>sq.)</strong></span> <span class='ocrx_word' id='word_1_303' title='bbox 1798 2919 1919 2980; x_wconf 88' lang='lat' dir='ltr'><strong>ferrum</strong></span> <span class='ocrx_word' id='word_1_304' title='bbox 1934 2925 2109 2999; x_wconf 83' lang='lat' dir='ltr'><strong>aspernata</strong></span> 
     </span>
     <span class='ocr_line' id='line_1_25' title="bbox 265 3019 2122 3108; baseline 0.002 -28"><span class='ocrx_word' id='word_1_305' title='bbox 265 3019 306 3081; x_wconf 91' lang='lat' dir='ltr'><strong>de</strong></span> <span class='ocrx_word' id='word_1_306' title='bbox 326 3038 407 3100; x_wconf 90' lang='lat' dir='ltr'><strong>rupe</strong></span> <span class='ocrx_word' id='word_1_307' title='bbox 429 3019 635 3100; x_wconf 88' lang='lat' dir='ltr'><strong>praecipitari</strong></span> <span class='ocrx_word' id='word_1_308' title='bbox 656 3027 836 3101; x_wconf 84' lang='lat' dir='ltr'><strong>praeoptat.</strong></span> <span class='ocrx_word' id='word_1_309' title='bbox 882 3019 1034 3086; x_wconf 88' lang='lat' dir='ltr'><strong>Videmus</strong></span> <span class='ocrx_word' id='word_1_310' title='bbox 1056 3023 1156 3103; x_wconf 89' lang='lat' dir='ltr'><strong>igitur</strong></span> <span class='ocrx_word' id='word_1_311' title='bbox 1177 3027 1307 3103; x_wconf 91' lang='lat' dir='ltr'><strong>poetam</strong></span> <span class='ocrx_word' id='word_1_312' title='bbox 1322 3027 1371 3084; x_wconf 92' lang='lat' dir='ltr'><strong>ter</strong></span> <span class='ocrx_word' id='word_1_313' title='bbox 1386 3040 1406 3084; x_wconf 92' lang='lat' dir='ltr'><strong>a</strong></span> <span class='ocrx_word' id='word_1_314' title='bbox 1420 3020 1578 3085; x_wconf 84' lang='lat' dir='ltr'><strong>similibus</strong></span> <span class='ocrx_word' id='word_1_315' title='bbox 1592 3021 1692 3083; x_wconf 91' lang='lat' dir='ltr'><strong>initiis</strong></span> <span class='ocrx_word' id='word_1_316' title='bbox 1710 3020 1889 3101; x_wconf 82' lang='lat' dir='ltr'><strong>proiectum</strong></span> <span class='ocrx_word' id='word_1_317' title='bbox 1906 3021 1948 3084; x_wconf 92' lang='lat' dir='ltr'><strong>ad</strong></span> <span class='ocrx_word' id='word_1_318' title='bbox 1965 3022 2122 3108; x_wconf 86' lang='lat' dir='ltr'><strong>diversas</strong></span> 
     </span>
     <span class='ocr_line' id='line_1_26' title="bbox 266 3119 2109 3206; baseline 0.002 -24"><span class='ocrx_word' id='word_1_319' title='bbox 266 3119 416 3200; x_wconf 90' lang='lat' dir='ltr'><strong>progredi</strong></span> <span class='ocrx_word' id='word_1_320' title='bbox 443 3123 633 3186; x_wconf 89' lang='lat' dir='ltr'><strong>sententias:</strong></span> <span class='ocrx_word' id='word_1_321' title='bbox 672 3121 820 3186; x_wconf 88' lang='lat' dir='ltr'><strong>ubertate</strong></span> <span class='ocrx_word' id='word_1_322' title='bbox 847 3122 969 3187; x_wconf 84' lang='lat' dir='ltr'><strong>scilicet</strong></span> <span class='ocrx_word' id='word_1_323' title='bbox 995 3124 1112 3206; x_wconf 90' lang='lat' dir='ltr'><strong>ingenii</strong></span> <span class='ocrx_word' id='word_1_324' title='bbox 1134 3122 1239 3205; x_wconf 90' lang='lat' dir='ltr'><strong>abripi</strong></span> <span class='ocrx_word' id='word_1_325' title='bbox 1258 3143 1292 3188; x_wconf 90' lang='lat' dir='ltr'><strong>se</strong></span> <span class='ocrx_word' id='word_1_326' title='bbox 1317 3141 1442 3204; x_wconf 87' lang='lat' dir='ltr'><strong>passus,</strong></span> <span class='ocrx_word' id='word_1_327' title='bbox 1471 3142 1682 3204; x_wconf 88' lang='lat' dir='ltr'><strong>quaecunque</strong></span> <span class='ocrx_word' id='word_1_328' title='bbox 1713 3122 1745 3184; x_wconf 91' lang='lat' dir='ltr'><strong>in</strong></span> <span class='ocrx_word' id='word_1_329' title='bbox 1773 3131 1913 3187; x_wconf 88' lang='lat' dir='ltr'><strong>mentem</strong></span> <span class='ocrx_word' id='word_1_330' title='bbox 1939 3131 2109 3198; x_wconf 87' lang='lat' dir='ltr'><strong>venerunt,</strong></span> 
     </span>
     <span class='ocr_line' id='line_1_27' title="bbox 265 3223 2107 3310; baseline 0.001 -26"><span class='ocrx_word' id='word_1_331' title='bbox 265 3223 400 3304; x_wconf 88' lang='lat' dir='ltr'><strong>scripsit.</strong></span> <span class='ocrx_word' id='word_1_332' title='bbox 450 3225 604 3303; x_wconf 85' lang='lat' dir='ltr'><strong>Accessit,</strong></span> <span class='ocrx_word' id='word_1_333' title='bbox 635 3224 723 3307; x_wconf 90' lang='lat' dir='ltr'><strong>quod</strong></span> <span class='ocrx_word' id='word_1_334' title='bbox 745 3231 778 3288; x_wconf 89' lang='lat' dir='ltr'><strong>et</strong></span> <span class='ocrx_word' id='word_1_335' title='bbox 800 3223 921 3306; x_wconf 85' lang='lat' dir='ltr'><strong>Vergili</strong></span> <span class='ocrx_word' id='word_1_336' title='bbox 942 3224 1032 3289; x_wconf 91' lang='lat' dir='ltr'><strong>locus</strong></span> <span class='ocrx_word' id='word_1_337' title='bbox 1054 3225 1190 3290; x_wconf 84' lang='lat' dir='ltr'><strong>Didonis</strong></span> <span class='ocrx_word' id='word_1_338' title='bbox 1211 3232 1348 3290; x_wconf 88' lang='lat' dir='ltr'><strong>mortem</strong></span> <span class='ocrx_word' id='word_1_339' title='bbox 1370 3224 1580 3288; x_wconf 87' lang='lat' dir='ltr'><strong>describentis</strong></span> <span class='ocrx_word' id='word_1_340' title='bbox 1602 3226 1696 3308; x_wconf 92' lang='lat' dir='ltr'><strong>(Aen.</strong></span> <span class='ocrx_word' id='word_1_341' title='bbox 1719 3225 1772 3300; x_wconf 91' lang='lat' dir='ltr'><strong>lV,</strong></span> <span class='ocrx_word' id='word_1_342' title='bbox 1796 3227 1908 3310; x_wconf 79' lang='lat'><strong>494)²)</strong></span> <span class='ocrx_word' id='word_1_343' title='bbox 1930 3236 1962 3288; x_wconf 92' lang='lat' dir='ltr'><strong>ct</strong></span> <span class='ocrx_word' id='word_1_344' title='bbox 1993 3224 2107 3288; x_wconf 90' lang='lat' dir='ltr'><strong>Horati</strong></span> 
     </span>
     <span class='ocr_line' id='line_1_28' title="bbox 266 3323 1866 3408; baseline 0.001 -20"><span class='ocrx_word' id='word_1_345' title='bbox 266 3324 325 3388; x_wconf 91' lang='lat' dir='ltr'><strong>Od.</strong></span> <span class='ocrx_word' id='word_1_346' title='bbox 347 3323 408 3400; x_wconf 92' lang='lat' dir='ltr'><strong>lll,</strong></span> <span class='ocrx_word' id='word_1_347' title='bbox 430 3328 484 3402; x_wconf 80' lang='lat'><strong>27,</strong></span> <span class='ocrx_word' id='word_1_348' title='bbox 509 3331 547 3391; x_wconf 88' lang='grc'><strong>37</strong></span> <span class='ocrx_word' id='word_1_349' title='bbox 578 3326 670 3408; x_wconf 92' lang='lat' dir='ltr'><strong>(levis</strong></span> <span class='ocrx_word' id='word_1_350' title='bbox 691 3347 758 3392; x_wconf 91' lang='lat' dir='ltr'><strong>nna</strong></span> <span class='ocrx_word' id='word_1_351' title='bbox 780 3347 866 3390; x_wconf 89' lang='lat' dir='ltr'><strong>mors</strong></span> <span class='ocrx_word' id='word_1_352' title='bbox 888 3334 937 3391; x_wconf 88' lang='lat' dir='ltr'><strong>est</strong></span> <span class='ocrx_word' id='word_1_353' title='bbox 958 3355 1001 3383; x_wconf 99' lang='lat'><strong><em>=</em></strong></span> <span class='ocrx_word' id='word_1_354' title='bbox 1023 3327 1116 3392; x_wconf 91' lang='lat' dir='ltr'><strong>Herc.</strong></span> <span class='ocrx_word' id='word_1_355' title='bbox 1141 3327 1210 3392; x_wconf 90' lang='lat' dir='ltr'><strong>Oet.</strong></span> <span class='ocrx_word' id='word_1_356' title='bbox 1234 3328 1311 3408; x_wconf 89' lang='grc'>866)</span> <span class='ocrx_word' id='word_1_357' title='bbox 1333 3329 1476 3391; x_wconf 90' lang='lat' dir='ltr'><strong>animum</strong></span> <span class='ocrx_word' id='word_1_358' title='bbox 1498 3327 1667 3392; x_wconf 88' lang='lat' dir='ltr'><strong>scribentis</strong></span> <span class='ocrx_word' id='word_1_359' title='bbox 1687 3328 1866 3392; x_wconf 89' lang='lat' dir='ltr'><strong>movebant.</strong></span> 
     </span>
    </p>

    <p class='ocr_par' dir='ltr' id='par_1_6' title="bbox 264 3427 2110 4330">
     <span class='ocr_line' id='line_1_29' title="bbox 420 3427 2108 3512; baseline 0.001 -22"><span class='ocrx_word' id='word_1_360' title='bbox 420 3427 534 3511; x_wconf 86' lang='lat' dir='ltr'><strong>Hyllus</strong></span> <span class='ocrx_word' id='word_1_361' title='bbox 556 3437 589 3493; x_wconf 92' lang='lat' dir='ltr'><strong>et</strong></span> <span class='ocrx_word' id='word_1_362' title='bbox 612 3431 719 3493; x_wconf 82' lang='lat' dir='ltr'><strong>nutrix</strong></span> <span class='ocrx_word' id='word_1_363' title='bbox 742 3428 893 3492; x_wconf 89' lang='lat' dir='ltr'><strong>irascenti</strong></span> <span class='ocrx_word' id='word_1_364' title='bbox 913 3431 1052 3512; x_wconf 92' lang='lat' dir='ltr'><strong>primum</strong></span> <span class='ocrx_word' id='word_1_365' title='bbox 1074 3431 1214 3512; x_wconf 90' lang='lat' dir='ltr'><strong>spatium</strong></span> <span class='ocrx_word' id='word_1_366' title='bbox 1242 3430 1440 3510; x_wconf 90' lang='lat' dir='ltr'><strong>reliquerant</strong></span> <span class='ocrx_word' id='word_1_367' title='bbox 1470 3436 1636 3510; x_wconf 88' lang='lat' dir='ltr'><strong>sperantes</strong></span> <span class='ocrx_word' id='word_1_368' title='bbox 1671 3429 1815 3493; x_wconf 87' lang='lat' dir='ltr'><strong>dolorem</strong></span> <span class='ocrx_word' id='word_1_369' title='bbox 1841 3450 1898 3493; x_wconf 90' lang='lat' dir='ltr'><strong>suo</strong></span> <span class='ocrx_word' id='word_1_370' title='bbox 1925 3450 1959 3493; x_wconf 87' lang='lat' dir='ltr'><strong>ae</strong></span> <span class='ocrx_word' id='word_1_371' title='bbox 1987 3430 2108 3510; x_wconf 89' lang='lat' dir='ltr'><strong>impetu</strong></span> 
     </span>
     <span class='ocr_line' id='line_1_30' title="bbox 266 3531 2110 3626; baseline 0.002 -35"><span class='ocrx_word' id='word_1_372' title='bbox 266 3551 333 3593; x_wconf 87' lang='lat' dir='ltr'><strong>esse</strong></span> <span class='ocrx_word' id='word_1_373' title='bbox 367 3538 640 3614; x_wconf 90' lang='lat' dir='ltr'><strong>consumpturum.</strong></span> <span class='ocrx_word' id='word_1_374' title='bbox 710 3531 787 3596; x_wconf 84' lang='lat' dir='ltr'><strong>Mox</strong></span> <span class='ocrx_word' id='word_1_375' title='bbox 817 3531 933 3615; x_wconf 78' lang='lat' dir='ltr'><strong>Hyllus</strong></span> <span class='ocrx_word' id='word_1_376' title='bbox 974 3531 1153 3596; x_wconf 88' lang='lat' dir='ltr'><strong>rationibus</strong></span> <span class='ocrx_word' id='word_1_377' title='bbox 1184 3537 1320 3596; x_wconf 89' lang='lat' dir='ltr'><strong>matrem</strong></span> <span class='ocrx_word' id='word_1_378' title='bbox 1354 3554 1374 3595; x_wconf 90' lang='lat' dir='ltr'><strong>a</strong></span> <span class='ocrx_word' id='word_1_379' title='bbox 1405 3532 1560 3596; x_wconf 90' lang='lat' dir='ltr'><strong>moriendi</strong></span> <span class='ocrx_word' id='word_1_380' title='bbox 1595 3532 1726 3596; x_wconf 89' lang='lat' dir='ltr'><strong>consilio</strong></span> <span class='ocrx_word' id='word_1_381' title='bbox 1760 3551 1909 3594; x_wconf 87' lang='lat' dir='ltr'><strong>revocare</strong></span> <span class='ocrx_word' id='word_1_382' title='bbox 1941 3531 2110 3626; x_wconf 79' lang='lat' dir='ltr'><strong>contendit</strong></span> 
     </span>
     <span class='ocr_line' id='line_1_31' title="bbox 266 3627 2109 3717; baseline -0.001 -21"><span class='ocrx_word' id='word_1_383' title='bbox 266 3647 307 3707; x_wconf 73' lang='lat' dir='ltr'><strong>tv.</strong></span> <span class='ocrx_word' id='word_1_384' title='bbox 334 3635 532 3712; x_wconf 76' lang='lat'><strong>884—924);</strong></span> <span class='ocrx_word' id='word_1_385' title='bbox 558 3653 639 3716; x_wconf 87' lang='lat' dir='ltr'><strong>quas</strong></span> <span class='ocrx_word' id='word_1_386' title='bbox 666 3656 738 3698; x_wconf 92' lang='lat' dir='ltr'><strong>cum</strong></span> <span class='ocrx_word' id='word_1_387' title='bbox 766 3634 888 3698; x_wconf 83' lang='lat' dir='ltr'><strong>frustra</strong></span> <span class='ocrx_word' id='word_1_388' title='bbox 917 3627 1114 3710; x_wconf 85' lang='lat' dir='ltr'><strong>exhauserit,</strong></span> <span class='ocrx_word' id='word_1_389' title='bbox 1147 3637 1270 3710; x_wconf 85' lang='lat' dir='ltr'><strong>nutrix,</strong></span> <span class='ocrx_word' id='word_1_390' title='bbox 1304 3640 1340 3697; x_wconf 92' lang='lat' dir='ltr'><strong>ut</strong></span> <span class='ocrx_word' id='word_1_391' title='bbox 1360 3655 1421 3717; x_wconf 90' lang='lat' dir='ltr'><strong>par</strong></span> <span class='ocrx_word' id='word_1_392' title='bbox 1443 3643 1492 3698; x_wconf 90' lang='lat' dir='ltr'><strong>est</strong></span> <span class='ocrx_word' id='word_1_393' title='bbox 1514 3634 1693 3711; x_wconf 90' lang='lat' dir='ltr'><strong>mulierem,</strong></span> <span class='ocrx_word' id='word_1_394' title='bbox 1726 3634 1768 3697; x_wconf 87' lang='lat' dir='ltr'><strong>ad</strong></span> <span class='ocrx_word' id='word_1_395' title='bbox 1799 3654 1909 3714; x_wconf 89' lang='lat' dir='ltr'><strong>preces</strong></span> <span class='ocrx_word' id='word_1_396' title='bbox 1942 3632 2109 3696; x_wconf 82' lang='lat' dir='ltr'><strong>descondit</strong></span> 
     </span>
     <span class='ocr_line' id='line_1_32' title="bbox 266 3735 2107 3819; baseline 0.001 -21"><span class='ocrx_word' id='word_1_397' title='bbox 266 3747 307 3806; x_wconf 83' lang='lat' dir='ltr'><strong>(v.</strong></span> <span class='ocrx_word' id='word_1_398' title='bbox 332 3739 394 3800; x_wconf 80' lang='grc'><strong>925</strong></span> <span class='ocrx_word' id='word_1_399' title='bbox 414 3744 477 3816; x_wconf 88' lang='lat' dir='ltr'><strong>sq.)</strong></span> <span class='ocrx_word' id='word_1_400' title='bbox 498 3743 529 3798; x_wconf 91' lang='lat' dir='ltr'><strong>ct</strong></span> <span class='ocrx_word' id='word_1_401' title='bbox 548 3757 587 3800; x_wconf 90' lang='lat' dir='ltr'><strong>ue</strong></span> <span class='ocrx_word' id='word_1_402' title='bbox 610 3737 728 3801; x_wconf 88' lang='lat' dir='ltr'><strong>malam</strong></span> <span class='ocrx_word' id='word_1_403' title='bbox 752 3737 791 3801; x_wconf 95' lang='lat' dir='ltr'><strong>de</strong></span> <span class='ocrx_word' id='word_1_404' title='bbox 813 3757 847 3800; x_wconf 91' lang='lat' dir='ltr'><strong>se</strong></span> <span class='ocrx_word' id='word_1_405' title='bbox 870 3737 1136 3801; x_wconf 88' lang='lat' dir='ltr'><strong>existimationem</strong></span> <span class='ocrx_word' id='word_1_406' title='bbox 1160 3737 1335 3818; x_wconf 89' lang='lat' dir='ltr'><strong>relinquat,</strong></span> <span class='ocrx_word' id='word_1_407' title='bbox 1357 3744 1467 3800; x_wconf 89' lang='lat' dir='ltr'><strong>monet</strong></span> <span class='ocrx_word' id='word_1_408' title='bbox 1488 3737 1564 3819; x_wconf 76' lang='grc'>(939</span> <span class='ocrx_word' id='word_1_409' title='bbox 1581 3738 1651 3818; x_wconf 84' lang='lat' dir='ltr'><strong>sq.).</strong></span> <span class='ocrx_word' id='word_1_410' title='bbox 1697 3735 1732 3798; x_wconf 92' lang='lat' dir='ltr'><strong>ln</strong></span> <span class='ocrx_word' id='word_1_411' title='bbox 1749 3735 1882 3818; x_wconf 86' lang='lat' dir='ltr'><strong>singulis</strong></span> <span class='ocrx_word' id='word_1_412' title='bbox 1897 3757 1961 3799; x_wconf 88' lang='lat' dir='ltr'><strong>non</strong></span> <span class='ocrx_word' id='word_1_413' title='bbox 1978 3736 2107 3810; x_wconf 74' lang='lat' dir='ltr'><strong>«tcaput,</strong></span> 
     </span>
     <span class='ocr_line' id='line_1_33' title="bbox 266 3836 2103 3922; baseline 0 -22"><span class='ocrx_word' id='word_1_414' title='bbox 266 3837 383 3918; x_wconf 85' lang='lat' dir='ltr'><strong>quibus</strong></span> <span class='ocrx_word' id='word_1_415' title='bbox 404 3836 614 3903; x_wconf 87' lang='lat' dir='ltr'><strong>offendamur.</strong></span> <span class='ocrx_word' id='word_1_416' title='bbox 659 3837 721 3903; x_wconf 90' lang='lat' dir='ltr'><strong>Ter</strong></span> <span class='ocrx_word' id='word_1_417' title='bbox 744 3840 828 3902; x_wconf 79' lang='lat' dir='ltr'><strong>emm</strong></span> <span class='ocrx_word' id='word_1_418' title='bbox 852 3839 965 3902; x_wconf 90' lang='lat' dir='ltr'><strong>eadem</strong></span> <span class='ocrx_word' id='word_1_419' title='bbox 988 3842 1149 3904; x_wconf 88' lang='lat' dir='ltr'><strong>sententia</strong></span> <span class='ocrx_word' id='word_1_420' title='bbox 1170 3839 1212 3903; x_wconf 90' lang='lat' dir='ltr'><strong>ab</strong></span> <span class='ocrx_word' id='word_1_421' title='bbox 1235 3839 1331 3922; x_wconf 83' lang='lat' dir='ltr'><strong>Hyllo</strong></span> <span class='ocrx_word' id='word_1_422' title='bbox 1354 3839 1531 3921; x_wconf 83' lang='lat' dir='ltr'><strong>protertur:</strong></span> <span class='ocrx_word' id='word_1_423' title='bbox 1553 3860 1695 3903; x_wconf 91' lang='lat' dir='ltr'><strong>errorem</strong></span> <span class='ocrx_word' id='word_1_424' title='bbox 1717 3840 1812 3920; x_wconf 90' lang='lat' dir='ltr'><strong>culpa</strong></span> <span class='ocrx_word' id='word_1_425' title='bbox 1835 3860 1948 3902; x_wconf 88' lang='lat' dir='ltr'><strong>vacare</strong></span> <span class='ocrx_word' id='word_1_426' title='bbox 1965 3842 2041 3906; x_wconf 75' lang='lat'><strong>(885</strong></span> <span class='ocrx_word' id='word_1_427' title='bbox 2058 3859 2103 3918; x_wconf 90' lang='lat' dir='ltr'><strong>sq.</strong></span> 
     </span>
     <span class='ocr_line' id='line_1_34' title="bbox 267 3939 2110 4024; baseline 0.002 -22"><span class='ocrx_word' id='word_1_428' title='bbox 267 3943 330 4006; x_wconf 86' lang='grc'><strong>900</strong></span> <span class='ocrx_word' id='word_1_429' title='bbox 352 3961 399 4021; x_wconf 87' lang='lat' dir='ltr'><strong>sq.</strong></span> <span class='ocrx_word' id='word_1_430' title='bbox 423 3939 511 4024; x_wconf 88' lang='lat'><strong>983).</strong></span> <span class='ocrx_word' id='word_1_431' title='bbox 557 3942 662 4022; x_wconf 84' lang='lat' dir='ltr'><strong>Atque</strong></span> <span class='ocrx_word' id='word_1_432' title='bbox 686 3942 773 4024; x_wconf 92' lang='lat' dir='ltr'><strong>qnod</strong></span> <span class='ocrx_word' id='word_1_433' title='bbox 797 3965 824 4006; x_wconf 90' lang='lat' dir='ltr'><strong>v.</strong></span> <span class='ocrx_word' id='word_1_434' title='bbox 848 3942 909 4006; x_wconf 88' lang='grc'><strong>983</strong></span> <span class='ocrx_word' id='word_1_435' title='bbox 932 3942 1030 4019; x_wconf 90' lang='lat' dir='ltr'><strong>redit,</strong></span> <span class='ocrx_word' id='word_1_436' title='bbox 1054 3941 1135 4006; x_wconf 93' lang='lat' dir='ltr'><strong>bene</strong></span> <span class='ocrx_word' id='word_1_437' title='bbox 1157 3949 1219 4004; x_wconf 87' lang='lat' dir='ltr'><strong>est:</strong></span> <span class='ocrx_word' id='word_1_438' title='bbox 1246 3939 1325 4004; x_wconf 91' lang='lat' dir='ltr'><strong>haec</strong></span> <span class='ocrx_word' id='word_1_439' title='bbox 1347 3942 1433 4004; x_wconf 90' lang='lat' dir='ltr'><strong>enim</strong></span> <span class='ocrx_word' id='word_1_440' title='bbox 1455 3944 1643 4022; x_wconf 79' lang='lat' dir='ltr'><strong>gravissima</strong></span> <span class='ocrx_word' id='word_1_441' title='bbox 1662 3963 1762 4004; x_wconf 88' lang='lat' dir='ltr'><strong>causa</strong></span> <span class='ocrx_word' id='word_1_442' title='bbox 1783 3951 1844 4016; x_wconf 86' lang='lat' dir='ltr'><strong>cst,</strong></span> <span class='ocrx_word' id='word_1_443' title='bbox 1872 3963 1929 4002; x_wconf 91' lang='lat' dir='ltr'><strong>cur</strong></span> <span class='ocrx_word' id='word_1_444' title='bbox 1957 3941 2110 4005; x_wconf 86' lang='lat' dir='ltr'><strong>Deianira</strong></span> 
     </span>
     <span class='ocr_line' id='line_1_35' title="bbox 264 4042 2107 4126; baseline 0 -19"><span class='ocrx_word' id='word_1_445' title='bbox 264 4043 325 4107; x_wconf 89' lang='lat' dir='ltr'><strong>sibi</strong></span> <span class='ocrx_word' id='word_1_446' title='bbox 352 4045 511 4125; x_wconf 86' lang='lat' dir='ltr'><strong>ignoscat,</strong></span> <span class='ocrx_word' id='word_1_447' title='bbox 537 4064 634 4124; x_wconf 88' lang='lat' dir='ltr'><strong>quern</strong></span> <span class='ocrx_word' id='word_1_448' title='bbox 662 4047 693 4107; x_wconf 89' lang='lat' dir='ltr'><strong>in</strong></span> <span class='ocrx_word' id='word_1_449' title='bbox 721 4043 798 4121; x_wconf 90' lang='lat' dir='ltr'><strong>fine,</strong></span> <span class='ocrx_word' id='word_1_450' title='bbox 825 4065 899 4108; x_wconf 89' lang='lat' dir='ltr'><strong>cum</strong></span> <span class='ocrx_word' id='word_1_451' title='bbox 926 4049 1034 4108; x_wconf 88' lang='lat' dir='ltr'><strong>cetera</strong></span> <span class='ocrx_word' id='word_1_452' title='bbox 1060 4043 1250 4120; x_wconf 88' lang='lat' dir='ltr'><strong>defecerint,</strong></span> <span class='ocrx_word' id='word_1_453' title='bbox 1277 4043 1378 4124; x_wconf 90' lang='lat' dir='ltr'><strong>repeti</strong></span> <span class='ocrx_word' id='word_1_454' title='bbox 1407 4062 1471 4105; x_wconf 92' lang='lat' dir='ltr'><strong>non</strong></span> <span class='ocrx_word' id='word_1_455' title='bbox 1498 4045 1661 4107; x_wconf 88' lang='lat' dir='ltr'><strong>miramur.</strong></span> <span class='ocrx_word' id='word_1_456' title='bbox 1710 4044 1882 4105; x_wconf 87' lang='lat' dir='ltr'><strong>Praeterea</strong></span> <span class='ocrx_word' id='word_1_457' title='bbox 1914 4042 1962 4105; x_wconf 91' lang='lat' dir='ltr'><strong>bis</strong></span> <span class='ocrx_word' id='word_1_458' title='bbox 1990 4043 2107 4126; x_wconf 89' lang='lat' dir='ltr'><strong>legitur</strong></span> 
     </span>
     <span class='ocr_line' id='line_1_36' title="bbox 265 4145 2107 4228; baseline 0.001 -19"><span class='ocrx_word' id='word_1_459' title='bbox 265 4145 456 4222; x_wconf 88' lang='lat' dir='ltr'><strong>,voluntaria</strong></span> <span class='ocrx_word' id='word_1_460' title='bbox 483 4155 585 4209; x_wconf 90' lang='lat' dir='ltr'><strong>morte</strong></span> <span class='ocrx_word' id='word_1_461' title='bbox 613 4145 796 4210; x_wconf 87' lang='lat' dir='ltr'><strong>Deianiram</strong></span> <span class='ocrx_word' id='word_1_462' title='bbox 825 4147 928 4228; x_wconf 91' lang='lat' dir='ltr'><strong>ipsam</strong></span> <span class='ocrx_word' id='word_1_463' title='bbox 960 4147 1001 4210; x_wconf 89' lang='lat' dir='ltr'><strong>de</strong></span> <span class='ocrx_word' id='word_1_464' title='bbox 1027 4167 1060 4210; x_wconf 89' lang='lat' dir='ltr'><strong>se</strong></span> <span class='ocrx_word' id='word_1_465' title='bbox 1090 4145 1193 4209; x_wconf 65' lang='lat' dir='ltr'><strong>fateri*</strong></span> <span class='ocrx_word' id='word_1_466' title='bbox 1236 4146 1324 4226; x_wconf 88' lang='grc'>(889.</span> <span class='ocrx_word' id='word_1_467' title='bbox 1363 4147 1451 4228; x_wconf 91' lang='grc'>898).</span> <span class='ocrx_word' id='word_1_468' title='bbox 1483 4145 1549 4209; x_wconf 89' lang='lat' dir='ltr'><strong>Neo</strong></span> <span class='ocrx_word' id='word_1_469' title='bbox 1576 4167 1659 4227; x_wconf 88' lang='lat' dir='ltr'><strong>quae</strong></span> <span class='ocrx_word' id='word_1_470' title='bbox 1687 4146 1933 4226; x_wconf 88' lang='lat' dir='ltr'><strong>respondentur,</strong></span> <span class='ocrx_word' id='word_1_471' title='bbox 1962 4147 2045 4210; x_wconf 91' lang='lat' dir='ltr'><strong>inter</strong></span> <span class='ocrx_word' id='word_1_472' title='bbox 2072 4169 2107 4210; x_wconf 87' lang='lat' dir='ltr'><strong>se</strong></span> 
     </span>
     <span class='ocr_line' id='line_1_37' title="bbox 265 4246 2106 4330; baseline 0 -20"><span class='ocrx_word' id='word_1_473' title='bbox 265 4249 393 4312; x_wconf 87' lang='lat' dir='ltr'><strong>diversa</strong></span> <span class='ocrx_word' id='word_1_474' title='bbox 415 4254 499 4312; x_wconf 89' lang='lat' dir='ltr'><strong>sunt.</strong></span> <span class='ocrx_word' id='word_1_475' title='bbox 546 4247 663 4312; x_wconf 86' lang='lat' dir='ltr'><strong>Subest</strong></span> <span class='ocrx_word' id='word_1_476' title='bbox 685 4251 769 4313; x_wconf 90' lang='lat' dir='ltr'><strong>enim</strong></span> <span class='ocrx_word' id='word_1_477' title='bbox 792 4251 954 4329; x_wconf 89' lang='lat' dir='ltr'><strong>utrimque</strong></span> <span class='ocrx_word' id='word_1_478' title='bbox 976 4248 1055 4311; x_wconf 88' lang='lat' dir='ltr'><strong>haec</strong></span> <span class='ocrx_word' id='word_1_479' title='bbox 1076 4248 1250 4311; x_wconf 88' lang='lat' dir='ltr'><strong>sententia:</strong></span> <span class='ocrx_word' id='word_1_480' title='bbox 1270 4247 1452 4312; x_wconf 90' lang='lat' dir='ltr'><strong>voluntaria</strong></span> <span class='ocrx_word' id='word_1_481' title='bbox 1475 4256 1577 4310; x_wconf 84' lang='lat' dir='ltr'><strong>morte</strong></span> <span class='ocrx_word' id='word_1_482' title='bbox 1600 4248 1780 4311; x_wconf 89' lang='lat' dir='ltr'><strong>innocentia</strong></span> <span class='ocrx_word' id='word_1_483' title='bbox 1798 4246 1963 4328; x_wconf 89' lang='lat' dir='ltr'><strong>probatur.</strong></span> <span class='ocrx_word' id='word_1_484' title='bbox 2005 4250 2106 4330; x_wconf 80' lang='lat' dir='ltr'><strong>Lege:</strong></span> 
     </span>
    </p>

    <p class='ocr_par' dir='ltr' id='par_1_7' title="bbox 351 4349 2105 4637">
     <span class='ocr_line' id='line_1_38' title="bbox 351 4349 1165 4431; baseline -0.001 -17"><span class='ocrx_word' id='word_1_485' title='bbox 351 4374 377 4414; x_wconf 90' lang='lat' dir='ltr'><strong>v.</strong></span> <span class='ocrx_word' id='word_1_486' title='bbox 401 4353 477 4416; x_wconf 83' lang='grc' dir='ltr'><strong>89οι</strong></span> <span class='ocrx_word' id='word_1_487' title='bbox 502 4349 588 4414; x_wconf 89' lang='lat' dir='ltr'><strong>Mors</strong></span> <span class='ocrx_word' id='word_1_488' title='bbox 610 4353 794 4414; x_wconf 88' lang='lat' dir='ltr'><strong>innoeentes</strong></span> <span class='ocrx_word' id='word_1_489' title='bbox 816 4350 885 4414; x_wconf 90' lang='lat' dir='ltr'><strong>sola</strong></span> <span class='ocrx_word' id='word_1_490' title='bbox 908 4351 1058 4431; x_wconf 89' lang='lat' dir='ltr'><strong>deceptos</strong></span> <span class='ocrx_word' id='word_1_491' title='bbox 1081 4349 1165 4414; x_wconf 86' lang='lat' dir='ltr'><strong>facit.</strong></span> 
     </span>
     <span class='ocr_line' id='line_1_39' title="bbox 404 4451 1239 4534; baseline -0.005 -16"><span class='ocrx_word' id='word_1_492' title='bbox 404 4457 479 4518; x_wconf 81' lang='lat'><strong>899:</strong></span> <span class='ocrx_word' id='word_1_493' title='bbox 502 4451 603 4516; x_wconf 89' lang='lat' dir='ltr'><strong>Nemo</strong></span> <span class='ocrx_word' id='word_1_494' title='bbox 627 4473 744 4517; x_wconf 92' lang='lat' dir='ltr'><strong>nocens</strong></span> <span class='ocrx_word' id='word_1_495' title='bbox 765 4453 825 4517; x_wconf 91' lang='lat' dir='ltr'><strong>sibi</strong></span> <span class='ocrx_word' id='word_1_496' title='bbox 847 4455 914 4534; x_wconf 90' lang='lat' dir='ltr'><strong>ipse</strong></span> <span class='ocrx_word' id='word_1_497' title='bbox 935 4473 1056 4534; x_wconf 89' lang='lat' dir='ltr'><strong>poenus</strong></span> <span class='ocrx_word' id='word_1_498' title='bbox 1079 4454 1239 4534; x_wconf 85' lang='lat' dir='ltr'><strong>irroget.³)</strong></span> 
     </span>
     <span class='ocr_line' id='line_1_40' title="bbox 419 4554 2105 4637; baseline -0.001 -19"><span class='ocrx_word' id='word_1_499' title='bbox 419 4555 562 4620; x_wconf 87' lang='lat' dir='ltr'><strong>Tertium</strong></span> <span class='ocrx_word' id='word_1_500' title='bbox 586 4561 647 4632; x_wconf 84' lang='lat' dir='ltr'><strong>est,</strong></span> <span class='ocrx_word' id='word_1_501' title='bbox 670 4557 758 4636; x_wconf 91' lang='lat' dir='ltr'><strong>quod</strong></span> <span class='ocrx_word' id='word_1_502' title='bbox 781 4554 923 4620; x_wconf 87' lang='lat' dir='ltr'><strong>versibus</strong></span> <span class='ocrx_word' id='word_1_503' title='bbox 940 4557 1036 4634; x_wconf 64' lang='lat' dir='ltr'><strong>sasso</strong></span> <span class='ocrx_word' id='word_1_504' title='bbox 1055 4557 1138 4618; x_wconf 87' lang='lat' dir='ltr'><strong>iusta</strong></span> <span class='ocrx_word' id='word_1_505' title='bbox 1153 4557 1382 4618; x_wconf 88' lang='lat' dir='ltr'><strong>sententiarum</strong></span> <span class='ocrx_word' id='word_1_506' title='bbox 1397 4555 1494 4617; x_wconf 89' lang='lat' dir='ltr'><strong>series</strong></span> <span class='ocrx_word' id='word_1_507' title='bbox 1510 4555 1593 4618; x_wconf 91' lang='lat' dir='ltr'><strong>male</strong></span> <span class='ocrx_word' id='word_1_508' title='bbox 1610 4556 1862 4637; x_wconf 88' lang='lat' dir='ltr'><strong>interrumpitur.</strong></span> <span class='ocrx_word' id='word_1_509' title='bbox 1907 4555 2003 4617; x_wconf 87' lang='lat' dir='ltr'><strong>Recte</strong></span> <span class='ocrx_word' id='word_1_510' title='bbox 2020 4557 2105 4616; x_wconf 89' lang='lat' dir='ltr'><strong>enim</strong></span> 
     </span>
    </p>
   </div>
   <div class='ocr_carea' id='block_1_2' title="bbox 265 4658 656 4740">
    <p class='ocr_par' dir='ltr' id='par_1_8' title="bbox 265 4658 656 4740">
     <span class='ocr_line' id='line_1_41' title="bbox 265 4658 656 4740; baseline 0.005 -19"><span class='ocrx_word' id='word_1_511' title='bbox 265 4658 344 4723; x_wconf 89' lang='lat' dir='ltr'><strong>haec</strong></span> <span class='ocrx_word' id='word_1_512' title='bbox 366 4660 558 4740; x_wconf 89' lang='lat' dir='ltr'><strong>procedunt:</strong></span> <span class='ocrx_word' id='word_1_513' title='bbox 653 4671 656 4676; x_wconf 82' lang='grc'><em>’</em></span> 
     </span>
    </p>
   </div>
   <div class='ocr_carea' id='block_1_3' title="bbox 264 4925 2179 5338">
    <p class='ocr_par' dir='ltr' id='par_1_9' title="bbox 418 4925 1661 4997">
     <span class='ocr_line' id='line_1_42' title="bbox 418 4925 1661 4997; baseline -0.002 -13"><span class='ocrx_word' id='word_1_514' title='bbox 418 4931 437 4984; x_wconf 78' lang='lat' dir='ltr'><strong>&#39;l</strong></span> <span class='ocrx_word' id='word_1_515' title='bbox 458 4931 487 4984; x_wconf 57' lang='lat' dir='ltr'><strong>la.</strong></span> <span class='ocrx_word' id='word_1_516' title='bbox 507 4931 612 4984; x_wconf 89' lang='lat' dir='ltr'><strong>Annaei</strong></span> <span class='ocrx_word' id='word_1_517' title='bbox 632 4929 753 4983; x_wconf 84' lang='lat' dir='ltr'><strong>Senecae</strong></span> <span class='ocrx_word' id='word_1_518' title='bbox 774 4928 937 4995; x_wconf 85' lang='lat' dir='ltr'><strong>tragoediae.</strong></span> <span class='ocrx_word' id='word_1_519' title='bbox 957 4929 998 4982; x_wconf 89' lang='lat' dir='ltr'><strong>sd.</strong></span> <span class='ocrx_word' id='word_1_520' title='bbox 1018 4925 1257 4982; x_wconf 76' lang='lat' dir='ltr'><strong>Fridaricus&#39;Leo.</strong></span> <span class='ocrx_word' id='word_1_521' title='bbox 1294 4929 1421 4981; x_wconf 83' lang='lat' dir='ltr'><strong>Barolini</strong></span> <span class='ocrx_word' id='word_1_522' title='bbox 1443 4933 1515 4983; x_wconf 75' lang='grc'>1978.</span> <span class='ocrx_word' id='word_1_523' title='bbox 1535 4929 1554 4982; x_wconf 94' lang='lat' dir='ltr'><strong>l.</strong></span> <span class='ocrx_word' id='word_1_524' title='bbox 1575 4947 1600 4997; x_wconf 89' lang='lat' dir='ltr'><strong>p.</strong></span> <span class='ocrx_word' id='word_1_525' title='bbox 1622 4937 1661 4984; x_wconf 68' lang='lat'><strong>54.</strong></span> 
     </span>
    </p>

    <p class='ocr_par' dir='ltr' id='par_1_10' title="bbox 265 5012 2179 5166">
     <span class='ocr_line' id='line_1_43' title="bbox 420 5012 2179 5080; baseline -0.003 -12"><span class='ocrx_word' id='word_1_526' title='bbox 420 5014 443 5078; x_wconf 79' lang='lat'><strong>²)</strong></span> <span class='ocrx_word' id='word_1_527' title='bbox 466 5015 524 5068; x_wconf 88' lang='lat' dir='ltr'><strong>Hoc</strong></span> <span class='ocrx_word' id='word_1_528' title='bbox 548 5016 603 5069; x_wconf 83' lang='lat' dir='ltr'><strong>Leo</strong></span> <span class='ocrx_word' id='word_1_529' title='bbox 625 5014 731 5068; x_wconf 89' lang='lat' dir='ltr'><strong>monuit</strong></span> <span class='ocrx_word' id='word_1_530' title='bbox 755 5015 772 5068; x_wconf 88' lang='lat' dir='ltr'><strong>l.</strong></span> <span class='ocrx_word' id='word_1_531' title='bbox 791 5015 807 5068; x_wconf 89' lang='lat' dir='ltr'><strong>l.</strong></span> <span class='ocrx_word' id='word_1_532' title='bbox 828 5012 931 5066; x_wconf 82' lang='lat' dir='ltr'><strong>Iniuria</strong></span> <span class='ocrx_word' id='word_1_533' title='bbox 954 5019 1045 5066; x_wconf 86' lang='lat' dir='ltr'><strong>autem</strong></span> <span class='ocrx_word' id='word_1_534' title='bbox 1070 5014 1096 5065; x_wconf 91' lang='lat' dir='ltr'><strong>in</strong></span> <span class='ocrx_word' id='word_1_535' title='bbox 1120 5029 1151 5067; x_wconf 90' lang='lat' dir='ltr'><strong>eo</strong></span> <span class='ocrx_word' id='word_1_536' title='bbox 1173 5013 1299 5070; x_wconf 84' lang='lat' dir='ltr'><strong>offendit.</strong></span> <span class='ocrx_word' id='word_1_537' title='bbox 1324 5015 1394 5080; x_wconf 75' lang='lat' dir='ltr'><strong>«prod</strong></span> <span class='ocrx_word' id='word_1_538' title='bbox 1414 5013 1486 5066; x_wconf 85' lang='lat' dir='ltr'><strong>ensis</strong></span> <span class='ocrx_word' id='word_1_539' title='bbox 1503 5013 1628 5067; x_wconf 86' lang='lat' dir='ltr'><strong>Herculis</strong></span> <span class='ocrx_word' id='word_1_540' title='bbox 1647 5017 1873 5067; x_wconf 88' lang='lat' dir='ltr'><strong>commemoratur</strong></span> <span class='ocrx_word' id='word_1_541' title='bbox 1890 5021 1926 5074; x_wconf 77' lang='lat' dir='ltr'><strong>(v.</strong></span> <span class='ocrx_word' id='word_1_542' title='bbox 1946 5018 2048 5071; x_wconf 74' lang='lat' dir='ltr'><strong>soant:</strong></span> <span class='ocrx_word' id='word_1_543' title='bbox 2071 5014 2103 5065; x_wconf 87' lang='lat' dir='ltr'><strong>ln</strong></span> <span class='ocrx_word' id='word_1_544' title='bbox 2172 5027 2179 5044; x_wconf 92' lang='lat'><strong>·</strong></span> 
     </span>
     <span class='ocr_line' id='line_1_44' title="bbox 265 5097 1588 5166; baseline -0.002 -13"><span class='ocrx_word' id='word_1_545' title='bbox 265 5101 379 5156; x_wconf 89' lang='lat' dir='ltr'><strong>eundem</strong></span> <span class='ocrx_word' id='word_1_546' title='bbox 400 5117 518 5154; x_wconf 86' lang='lat' dir='ltr'><strong>errorem</strong></span> <span class='ocrx_word' id='word_1_547' title='bbox 538 5103 642 5154; x_wconf 83' lang='lat' dir='ltr'><strong>Seneca</strong></span> <span class='ocrx_word' id='word_1_548' title='bbox 659 5099 757 5152; x_wconf 89' lang='lat' dir='ltr'><strong>incidit</strong></span> <span class='ocrx_word' id='word_1_549' title='bbox 774 5097 854 5152; x_wconf 89' lang='lat' dir='ltr'><strong>Herc.</strong></span> <span class='ocrx_word' id='word_1_550' title='bbox 875 5099 925 5154; x_wconf 84' lang='lat' dir='ltr'><strong>inr.</strong></span> <span class='ocrx_word' id='word_1_551' title='bbox 949 5103 1026 5163; x_wconf 79' lang='lat' dir='ltr'><strong>trra,</strong></span> <span class='ocrx_word' id='word_1_552' title='bbox 1046 5099 1091 5151; x_wconf 91' lang='lat' dir='ltr'><strong>ubi</strong></span> <span class='ocrx_word' id='word_1_553' title='bbox 1111 5099 1187 5153; x_wconf 91' lang='lat' dir='ltr'><strong>codd.</strong></span> <span class='ocrx_word' id='word_1_554' title='bbox 1207 5110 1316 5165; x_wconf 80' lang='lat' dir='ltr'><strong>,ensem</strong></span> <span class='ocrx_word' id='word_1_555' title='bbox 1335 5115 1428 5152; x_wconf 86' lang='lat' dir='ltr'><strong>omnes</strong></span> <span class='ocrx_word' id='word_1_556' title='bbox 1447 5099 1588 5166; x_wconf 89' lang='lat' dir='ltr'><strong>praebent.</strong></span> 
     </span>
    </p>

    <p class='ocr_par' dir='ltr' id='par_1_11' title="bbox 264 5182 2104 5338">
     <span class='ocr_line' id='line_1_45' title="bbox 418 5182 2104 5253; baseline -0.004 -13"><span class='ocrx_word' id='word_1_557' title='bbox 418 5184 438 5252; x_wconf 85' lang='lat'><strong>¹)</strong></span> <span class='ocrx_word' id='word_1_558' title='bbox 458 5185 502 5240; x_wconf 89' lang='lat' dir='ltr'><strong>Sic</strong></span> <span class='ocrx_word' id='word_1_559' title='bbox 522 5189 553 5240; x_wconf 90' lang='lat' dir='ltr'><strong>A.</strong></span> <span class='ocrx_word' id='word_1_560' title='bbox 573 5186 648 5251; x_wconf 71' lang='lat' dir='ltr'><strong>Quod</strong></span> <span class='ocrx_word' id='word_1_561' title='bbox 667 5185 780 5252; x_wconf 89' lang='lat' dir='ltr'><strong>praebet</strong></span> <span class='ocrx_word' id='word_1_562' title='bbox 797 5183 822 5236; x_wconf 85' lang='grc' dir='ltr'>Ε</span> <span class='ocrx_word' id='word_1_563' title='bbox 840 5184 978 5253; x_wconf 67' lang='lat' dir='ltr'><strong>abrogat,</strong></span> <span class='ocrx_word' id='word_1_564' title='bbox 999 5184 1160 5252; x_wconf 88' lang='lat' dir='ltr'><strong>postularet,</strong></span> <span class='ocrx_word' id='word_1_565' title='bbox 1179 5190 1210 5237; x_wconf 90' lang='lat' dir='ltr'><strong>nt</strong></span> <span class='ocrx_word' id='word_1_566' title='bbox 1227 5199 1290 5238; x_wconf 88' lang='lat' dir='ltr'><strong>vere</strong></span> <span class='ocrx_word' id='word_1_567' title='bbox 1308 5185 1439 5238; x_wconf 85' lang='lat' dir='ltr'><strong>Deianira</strong></span> <span class='ocrx_word' id='word_1_568' title='bbox 1456 5184 1562 5252; x_wconf 78' lang='lat' dir='ltr'><strong>ipsane</strong></span> <span class='ocrx_word' id='word_1_569' title='bbox 1580 5189 1721 5235; x_wconf 89' lang='lat' dir='ltr'><strong>nocentem</strong></span> <span class='ocrx_word' id='word_1_570' title='bbox 1740 5187 1861 5250; x_wconf 87' lang='lat' dir='ltr'><strong>putaret,</strong></span> <span class='ocrx_word' id='word_1_571' title='bbox 1881 5182 1910 5236; x_wconf 88' lang='lat' dir='ltr'><strong>id</strong></span> <span class='ocrx_word' id='word_1_572' title='bbox 1928 5185 1998 5250; x_wconf 84' lang='lat' dir='ltr'><strong>qnod</strong></span> <span class='ocrx_word' id='word_1_573' title='bbox 2018 5183 2104 5250; x_wconf 86' lang='lat' dir='ltr'><strong>pluri·</strong></span> 
     </span>
     <span class='ocr_line' id='line_1_46' title="bbox 264 5267 1628 5338; baseline 0 -16"><span class='ocrx_word' id='word_1_574' title='bbox 264 5271 314 5322; x_wconf 85' lang='lat' dir='ltr'><strong>rnis</strong></span> <span class='ocrx_word' id='word_1_575' title='bbox 333 5271 398 5325; x_wconf 87' lang='lat' dir='ltr'><strong>locis</strong></span> <span class='ocrx_word' id='word_1_576' title='bbox 417 5276 505 5338; x_wconf 83' lang='lat' dir='ltr'><strong>negat.</strong></span> <span class='ocrx_word' id='word_1_577' title='bbox 525 5269 558 5324; x_wconf 85' lang='lat' dir='ltr'><strong>ci.</strong></span> <span class='ocrx_word' id='word_1_578' title='bbox 579 5275 637 5336; x_wconf 77' lang='grc'>748,</span> <span class='ocrx_word' id='word_1_579' title='bbox 656 5275 705 5326; x_wconf 63' lang='grc'><strong>887</strong></span> <span class='ocrx_word' id='word_1_580' title='bbox 725 5290 771 5338; x_wconf 72' lang='lat' dir='ltr'><strong>sq,</strong></span> <span class='ocrx_word' id='word_1_581' title='bbox 792 5275 849 5334; x_wconf 81' lang='grc'>890,</span> <span class='ocrx_word' id='word_1_582' title='bbox 869 5275 978 5338; x_wconf 74' lang='lat' dir='ltr'><strong>tot-7,</strong></span> <span class='ocrx_word' id='word_1_583' title='bbox 998 5270 1045 5324; x_wconf 92' lang='lat' dir='ltr'><strong>ubi</strong></span> <span class='ocrx_word' id='word_1_584' title='bbox 1064 5270 1119 5324; x_wconf 83' lang='lat' dir='ltr'><strong>fato</strong></span> <span class='ocrx_word' id='word_1_585' title='bbox 1139 5274 1165 5323; x_wconf 91' lang='lat' dir='ltr'><strong>et</strong></span> <span class='ocrx_word' id='word_1_586' title='bbox 1184 5269 1264 5325; x_wconf 84' lang='lat' dir='ltr'><strong>Nessi</strong></span> <span class='ocrx_word' id='word_1_587' title='bbox 1283 5270 1372 5323; x_wconf 83' lang='lat' dir='ltr'><strong>fraudi</strong></span> <span class='ocrx_word' id='word_1_588' title='bbox 1392 5271 1472 5337; x_wconf 87' lang='lat' dir='ltr'><strong>culpa</strong></span> <span class='ocrx_word' id='word_1_589' title='bbox 1491 5267 1628 5322; x_wconf 88' lang='lat' dir='ltr'><strong>tribuitur.</strong></span> 
     </span>
    </p>
   </div>
   <div class='ocr_carea' id='block_1_4' title="bbox 0 0 2364 5734">
    <p class='ocr_par' dir='ltr' id='par_1_12' title="bbox 0 0 2364 5734">
     <span class='ocr_line' id='line_1_47' title="bbox 0 0 2364 5734; baseline 0 0"><span class='ocrx_word' id='word_1_590' title='bbox 0 0 2364 5734; x_wconf 95' lang='lat' dir='ltr'><strong> </strong></span> 
     </span>
    </p>
   </div>
  </div>
 </body>
</html>
