4717 5734
236 587 396 662 ageretur,
426 579 527 661 magis
548 580 690 642 minusve
717 577 845 642 disertis
868 576 972 642 verbis
995 579 1124 642 ineunte
1145 577 1256 642 sabula
1278 578 1370 643 uobis
1391 587 1596 661 exponeret.“
1618 576 1833 662 (Habrucker,
1857 583 2082 660 quaestionum

240 682 487 746 Annaeanarum
512 681 620 761 capita
646 678 700 746 IV.
723 678 905 762 Regimonti
929 677 1036 744 Pruss.
1061 681 1156 754 1873,
1177 699 1208 760 p.
1232 682 1380 759 31-33).
1425 681 1514 746 idem
1537 680 1599 746 hoc
1621 678 1753 762 prologo
1776 680 1822 744 fit.
1871 679 2081 749 Faciuoribus

235 784 321 846 enim
350 784 494 865 quamuis
524 781 693 864 gloriosius
718 784 890 858 enarratis,
916 782 1006 847 caelo
1031 783 1149 846 iterum
1176 801 1215 844 ao
1240 783 1368 864 saepius
1393 784 1435 865 (v.
1458 785 1488 849 8.
1515 787 1563 848 10.
1590 786 1638 848 12.
1660 785 1711 847 29.
1733 785 1788 863 98)
1810 790 1976 866 tamqnam
1997 787 2082 851 iusto

237 886 380 967 praemio
408 887 523 965 petito,
556 886 647 948 ouius
669 885 732 949 iam
766 883 858 950 multi
886 905 924 948 ac
950 887 1056 950 minus
1073 883 1162 966 digni
1185 885 1357 966 participes
1380 882 1456 948 sacti
1477 886 1555 962 siut,
1577 885 1657 966 quid
1678 883 1766 948 alind
1788 884 1940 966 efficitur,
1962 889 2021 952 uisi
2045 896 2081 953 ut

237 995 460 1070 exspectemus
482 987 559 1062 lore,
583 994 620 1050 ut
641 985 769 1050 debitus
791 986 894 1051 honos
916 987 983 1050 viro
1007 985 1081 1050 lorti
1104 985 1281 1050 reddatur?
1324 983 1417 1063 Quod
1439 994 1549 1051 antem
1570 987 1674 1050 minus
1695 993 1766 1051 arte
1789 986 1868 1053 haee
1890 1008 1985 1054 scena
2007 1009 2082 1054 cnm

238 1090 364 1172 reliqna
394 1089 561 1171 tragoedia
589 1087 750 1163 cohaeret,
787 1109 851 1152 non
879 1095 964 1162 erat,
992 1108 1056 1169 quo
1085 1087 1206 1154 Seneca
1232 1085 1458 1152 offenderetur.
1502 1085 1586 1150 Nam
1614 1089 1641 1151 si
1662 1096 1786 1154 ceteras
1805 1091 1988 1172 tragoedias
2009 1113 2082 1174 per-

236 1192 433 1267 lustraveris,
467 1193 498 1254 in
530 1189 691 1272 plerisque
718 1198 884 1272 tamquam
907 1210 966 1272 per
986 1210 1019 1254 se
1041 1197 1127 1254 stare
1161 1189 1312 1272 prologos
1342 1189 1471 1257 ridebis.
1517 1187 1645 1254 Etenim
1672 1199 1706 1255 et
1731 1193 1764 1255 in
1794 1191 1933 1258 Hercule
1954 1194 2081 1260 furente

234 1295 323 1359 Juno
360 1301 392 1357 et
429 1296 461 1358 in
502 1295 739 1374 Agamemnone
775 1301 808 1355 et
845 1293 876 1354 in
911 1291 1048 1376 Thyeste
1082 1291 1216 1356 umbrae
1249 1292 1283 1355 iu
1314 1311 1442 1358 scenam
1473 1292 1647 1374 prodeunt,
1687 1315 1770 1376 qnae
1802 1294 1998 1361 clarescente
2028 1298 2081 1362 die

234 1397 381 1480 dilapsae
424 1395 501 1460 nihil
542 1394 665 1458 faciunt
704 1413 764 1474 pro
802 1415 909 1458 rerum
945 1413 1129 1477 progressu,
1172 1394 1230 1459 sed
1273 1395 1306 1457 id
1347 1401 1475 1459 tautum
1508 1402 1622 1477 agunt,
1660 1403 1698 1460 ut
1736 1415 1800 1459 uon
1839 1397 1907 1461 sine
1945 1398 2080 1465 deornm

237 1500 366 1564 numine
398 1500 440 1562 ad
480 1503 571 1562 tanta
608 1494 751 1560 facinora
787 1494 932 1560 homines
967 1497 1110 1561 animum
1146 1498 1288 1578 potuisse
1320 1498 1471 1562 iuducere
1511 1498 1690 1562 videantur.
1748 1497 1785 1562 11
1823 1498 1939 1564 Medea
1979 1523 2081 1584 paene

236 1621 347 1665 carcre
381 1619 549 1682 possumus
584 1597 732 1680 prologo,
766 1599 920 1679 quonium
955 1619 1007 1675 ea,
1035 1619 1119 1680 quae
1155 1601 1196 1665 55
1226 1600 1337 1681 primis
1368 1598 1512 1664 versibus
1548 1597 1663 1664 biedea
1697 1599 1807 1664 furens
1844 1605 1977 1684 promit,
2014 1604 2081 1670 fere

234 1703 349 1766 eadem
378 1711 492 1784 postea
521 1701 610 1782 (inde
632 1720 653 1764 a
679 1721 706 1763 1.
732 1703 805 1785 113)
839 1721 912 1764 cnm
945 1701 1070 1765 nutrice
1102 1700 1307 1784 colloquitur.
1366 1700 1449 1777 Quid
1471 1722 1567 1784 porro
1589 1700 1756 1766 Phaedrae
1782 1703 1953 1785 prologus?
1996 1707 2081 1784 Quid

235 1806 320 1868 enirn
343 1806 383 1868 ad
410 1825 491 1880 rem,
514 1803 603 1885 quod
619 1804 783 1884 octoginta
802 1801 945 1868 versibus
966 1809 1037 1868 tota
1058 1804 1167 1869 Attica
1190 1803 1380 1868 venantibus
1402 1804 1556 1867 dividitur
1577 1811 1636 1868 aut
1656 1806 1785 1868 omnino
1808 1805 1897 1886 quod
1920 1809 2080 1874 venationi

235 1907 430 1991 Hippolytus
453 1927 486 1971 se
509 1905 664 1987 accingit?
1575 1907 1579 1912 ’

390 2009 453 2074 Sed
479 2009 545 2073 alia
569 2007 669 2071 movit
695 2008 838 2072 animum
861 2009 1000 2073 Senecae
1023 2007 1197 2072 difficultas
1218 2007 1295 2072 hine
1315 2016 1440 2085 coorta,
1469 2008 1556 2090 qnod
1583 2015 1658 2090 post
1685 2007 1770 2072 huuc
1792 2006 1961 2092 prologum
1983 2033 2079 2079 scena

234 2120 307 2176 erat
333 2113 498 2176 mutanda.
542 2109 612 2176 Hoc
638 2116 671 2172 et
700 2129 832 2191 perraro
863 2108 933 2174 fieri
961 2111 991 2172 in
1020 2107 1151 2176 Graecis
1178 2110 1354 2194 tragoediis
1386 2109 1508 2175 sciebat
1532 2119 1566 2173 et
1592 2112 1659 2192 ipse
1686 2111 1814 2175 uidetur
1840 2114 2078 2194 improbavisse.

235 2213 319 2278 Nam
341 2213 453 2278 dubito
483 2235 533 2290 arr
546 2212 608 2276 hoc
629 2210 734 2288 luerit,
755 2232 814 2276 cnr
836 2211 1038 2290 Phoenissae,
1059 2233 1164 2294 quam·
1179 2233 1286 2289 uuam,
1309 2213 1365 2278 sed
1385 2212 1606 2294 imperfectam
1632 2233 1700 2278 esse
1729 2212 1871 2278 fabulam
1897 2222 1971 2296 post
1999 2218 2080 2284 alios

237 2319 419 2400 nuperrime
451 2317 561 2380 docuit
584 2315 620 2378 R.
649 2313 783 2378 Werner
813 2317 865 2396 (de
897 2315 931 2380 L.
958 2317 1082 2380 Annaei
1111 2315 1250 2380 Senecae
1276 2314 1414 2380 Hercule
1445 2313 1627 2379 Troadibus
1653 2313 1835 2380 Phoenissis
1866 2321 2079 2398 quaestiones.

236 2421 372 2502 Lipsiae.
416 2420 506 2485 1888.
529 2440 560 2500 p.
584 2420 624 2482 32
649 2416 721 2502 sq),
745 2417 857 2482 eadem
873 2417 1063 2482 difficultate
1083 2423 1228 2481 mutatae
1243 2437 1358 2482 acerrae
1373 2415 1576 2481 laborantem
1592 2415 1758 2481 fastidiens
1772 2424 1887 2483 auctor
1902 2434 2079 2504 seponeret.

237 2528 342 2607 Atque
367 2523 481 2586 iterum
496 2521 649 2603 cogitanti
663 2519 785 2601 placuit
807 2519 852 2584 illi
873 2519 962 2584 Iulen
985 2541 1058 2585 cum
1081 2518 1252 2585 comitibus
1274 2519 1480 2585 introducere
1503 2517 1705 2584 calamitates
1720 2519 1881 2586 deflentes.
1925 2523 2014 2601 Quae
2028 2547 2079 2592 res

237 2629 306 2709 ipsa
335 2645 462 2706 quoque
491 2623 653 2696 iteritatis,
679 2625 770 2686 cuius
798 2631 906 2687 noster
932 2630 1003 2687 erat
1029 2601 1244 2698 avidissimus,
1277 2622 1416 2703 speciem
1448 2641 1526 2702 prae
1551 2641 1586 2686 se
1613 2620 1745 2686 ferebat.
1794 2621 1877 2686 Nam
1906 2625 2079 2709 Sophocles

235 2728 323 2792 Iolen
347 2735 380 2790 et
408 2728 437 2790 in
452 2727 564 2790 itinere
587 2731 619 2789 et
639 2745 748 2788 coram
763 2725 914 2790 Deianira
926 2733 1032 2790 tacere
1045 2726 1137 2789 iussit
1149 2722 1279 2810 (Traeh.
1292 2725 1429 2791 saa-7.
1442 2725 1503 2789 307
1516 2744 1563 2805 sq.
1576 2724 1639 2788 320
1651 2725 1716 2807 sq.)
1727 2725 1949 2807 magnitudine
1970 2750 2079 2795 rerum

235 2831 444 2894 adversarum
468 2849 661 2910 oppressam.
707 2829 735 2892 A
755 2848 820 2911 quo
842 2828 1032 2909 gravissimo
1051 2848 1109 2892 suo
1132 2849 1205 2892 curn
1232 2827 1351 2890 damno
1374 2824 1495 2890 Seneca
1521 2825 1692 2891 declinarit
1713 2827 1762 2890 sui
1783 2829 1900 2910 ingenii
1923 2831 2078 2913 impetum

237 2939 379 3006 secutus,
403 2932 531 3013 quoad
555 2931 805 2996 declamationes
832 2932 1020 3012 propensior
1041 2939 1125 2994 erat:
1152 2936 1283 3012 poetam
1303 2928 1428 3010 expulit
1450 2926 1570 2991 rhetor.
1613 2928 1667 3012 (cl.
1689 2928 1774 2993 infra
1795 2951 1826 3012 p.
1853 2934 1916 3008 161.
1961 2933 2078 3009 Quam·

236 3055 336 3117 quam
362 3032 446 3097 bane
469 3033 569 3098 habet
595 3033 716 3098 Seneca
742 3034 995 3108 excusationem,
1021 3034 1107 3115 qnod
1135 3031 1205 3097 sola
1230 3051 1304 3095 cnm
1323 3029 1487 3094 sodalibus
1506 3032 1606 3094 animi
1629 3031 1756 3096 dolores
1779 3030 1845 3096 Iole
1868 3033 2013 3100 effundit.
2038 3075 2079 3084 -

237 3135 467 3200 Difficultatem
490 3144 611 3212 autem,
634 3158 732 3217 quam
755 3133 903 3200 Herculis
914 3135 1082 3217 prologum
1101 3134 1222 3200 habere
1233 3132 1386 3208 diximus,
1409 3130 1462 3195 hic
1483 3133 1623 3196 evitavit.
1667 3133 1778 3216 Neque
1793 3136 1876 3198 enim
1895 3135 1931 3200 D.
1947 3135 2078 3203 Heinsio

233 3236 928 3322 (1335111.8111111.)111Η11)1111111ο
953 3237 989 3320 (1.
1014 3237 1033 3301 1.
1055 3259 1086 3319 p.
1108 3237 1166 3322 34)
1192 3235 1342 3300 assentiri
1368 3254 1549 3315 possumus,
1583 3237 1638 3316 qui
1663 3243 1737 3317 post
1767 3239 1912 3301 carmina
1937 3237 2021 3305 Ioles
2047 3251 2080 3303 et

235 3341 447 3407 Oechalidum
469 3361 599 3404 scenam
620 3343 737 3404 mutari
761 3347 963 3404 certauerunt.
1008 3339 1086 3404 Post
1107 3335 1255 3402 Herculis
1276 3336 1443 3419 prologum
1464 3337 1621 3401 mutanda
1641 3344 1698 3403 est.
1743 3338 1826 3403 Nam
1847 3341 1875 3404 si

381 3465 408 3507 1.
433 3447 507 3508 195:
531 3451 722 3526 resonetque
745 3441 836 3506 malis
858 3461 973 3524 aspera
995 3438 1134 3504 Trachin

322 3556 354 3610 et
376 3569 403 3608 1.
426 3550 502 3610 2⁶24:
526 3545 582 3610 sed
604 3547 669 3610 iarn
689 3545 837 3609 dominae
859 3552 946 3608 tecta
965 3550 1119 3626 petantur

236 3649 364 3731 legeris,
393 3650 439 3712 ita
461 3649 520 3712 nisi
543 3670 626 3730 quae
649 3647 805 3711 Trachine
828 3655 902 3710 ante
925 3649 1047 3728 regiam
1066 3651 1145 3720 stat,
1169 3643 1258 3724 loqui
1277 3664 1341 3706 uun
1363 3651 1478 3725 potest.
1522 3643 1582 3707 cni
1605 3646 1746 3726 opinioni
1768 3667 1833 3711 non
1848 3647 1968 3725 obstat,
1991 3649 2079 3731 quod

238 3777 265 3816 v.
291 3755 347 3818 135
373 3749 504 3832 legitur:
538 3751 593 3827 ,ad
617 3748 778 3814 Trachina
800 3757 918 3826 uocor‘,
949 3749 1067 3830 quippe
1099 3746 1187 3828 quod
1219 3766 1258 3808 ex
1289 3753 1457 3828 poetarum
1486 3767 1546 3810 usu
1579 3748 1677 3810 etiam
1704 3768 1743 3811 ea
1769 3749 1810 3813 de
1836 3769 1870 3814 se
1889 3752 2077 3832 praedicare

236 3855 352 3936 possit,
376 3873 460 3935 qnae
482 3854 545 3916 iam
569 3851 593 3914 T
596 3852 726 3916 rachina
749 3852 851 3916 adest.
895 3849 997 3927 Quem
1012 3858 1120 3913 autem
1142 3847 1281 3912 alterum
1303 3847 1365 3911 sibi
1387 3849 1523 3930 sumpsit
1545 3848 1651 3914 locum
1673 3847 1837 3915 Heinsius:

323 3979 349 4019 1.
375 3957 451 4021 123:
476 3955 606 4021 Stemus
630 3975 714 4018 nunc
737 3955 860 4035 patriae
882 3952 1062 4028 moenibus;
1084 3951 1136 4014 bic
1158 3949 1247 4015 locus
1268 3958 1302 4014 et
1323 3949 1411 4014 siluis
1431 3948 1575 4028 dabitur,

236 4080 311 4124 cum
336 4065 506 4140 corruptus
521 4059 575 4134 sit,
602 4063 791 4140 argumento
825 4075 893 4120 esse
927 4075 990 4118 non
1021 4061 1135 4136 potest.
1180 4051 1246 4116 Nec
1278 4053 1323 4115 sic
1353 4053 1591 4118 emendandum
1617 4074 1686 4119 esse
1713 4053 1799 4119 huuc
1826 4055 1930 4120 locum
1955 4077 2078 4122 censeo.

238 4160 405 4225 Facillime
425 4159 510 4223 enim
522 4160 744 4224 emendatione
767 4179 842 4222 usus
864 4159 889 4221 si
913 4179 972 4239 pro
991 4163 1052 4238 ,et‘
1074 4155 1153 4237 legis
1176 4154 1266 4229 ,sed·,
1301 4157 1457 4237 optimum
1469 4163 1532 4233 est,
1555 4156 1643 4237 quod
1659 4157 1690 4218 in
1705 4160 1932 4239 manuscriptis
1947 4158 2078 4240 legitur:

323 4285 352 4326 1.
378 4265 452 4327 123:
474 4271 597 4327 stamus
620 4283 677 4327 nec
699 4262 813 4344 patriis
835 4258 989 4324 messibus
1009 4257 1066 4342 (E3
1088 4259 1211 4340 patriae
1233 4256 1400 4322 moenibus
1421 4257 1464 4341 A)
1485 4258 1548 4322 heu
1570 4259 1672 4334 locus,
1699 4259 1757 4323 sed
1776 4259 1862 4324 silvis
1885 4258 2024 4325 dabitur.

392 4363 455 4428 Ubi
479 4368 649 4442 „stamus“
672 4364 754 4428 idem
776 4361 934 4445 significat
956 4368 1053 4442 atque
1076 4362 1262 4436 ,‚vivimns“.

380 4466 431 4532 cl.
455 4467 547 4531 Herc.
570 4468 639 4532 Oet.
663 4469 739 4532 353:
766 4486 879 4547 nempe
902 4483 973 4528 cnm
996 4470 1099 4527 staret
1120 4483 1245 4544 parens.

392 4568 505 4634 Utrius
529 4577 637 4634 autem
668 4569 785 4633 codicis
815 4566 984 4631 lectionem
1009 4565 1240 4647 praeferamus,
1263 4585 1327 4629 non
1351 4567 1495 4628 interest:
1519 4564 2078 4645 111111111111111111111111111,

239 4680 276 4735 ut
296 4671 464 4736 Oechaliae
487 4690 615 4736 scenam
637 4691 706 4736 esse
728 4677 885 4754 putemus.
931 4667 1076 4745 Accedit,
1095 4666 1184 4748 qnod
1205 4687 1239 4730 re
1259 4668 1306 4730 ita
1325 4668 1500 4731 constituta
1527 4687 1579 4744 ea,
1605 4689 1687 4748 quae
1706 4677 1898 4749 sequuntur,
1924 4670 2079 4752 imprimis

240 4772 338 4837 verba
358 4775 503 4839 nutricis:

325 4897 352 4939 1.
375 4880 452 4943 3371
476 4897 614 4958 iramque
636 4885 673 4939 ut
694 4875 812 4940 reluxit
834 4874 965 4956 paelicis
986 4881 1099 4955 captae
1121 4872 1219 4936 decus
1241 4880 1274 4934 et
1295 4871 1385 4936 fulsit
1405 4873 1472 4936 lolo
1496 4911 1537 4920 -

237 4980 358 5061 optimo
386 4981 609 5044 antecedentia
634 4979 778 5043 earmina
805 4978 979 5058 excipiunt:
1014 4975 1131 5056 quibus
1157 4972 1263 5038 verbis
1289 4980 1455 5055 tamquam
1480 4974 1636 5056 postulari
1664 4975 1804 5058 uidetur,
1832 4984 1866 5039 et
1887 4977 1984 5058 paulo
2003 4986 2078 5042 ante

238 5081 306 5146 Iule
329 5081 362 5146 in
385 5101 482 5145 scena
503 5089 600 5164 atque
623 5081 654 5144 in
677 5099 728 5157 ea,
751 5081 782 5142 in
804 5099 870 5160 qua
892 5097 976 5142 nunc
999 5078 1120 5160 agitur,
1142 5077 1338 5158 apparuerit.

393 5183 475 5260 Quid
503 5185 597 5248 uero?
634 5181 746 5247 Nonne
774 5183 805 5245 in
831 5181 970 5265 Scyllam
1001 5181 1125 5256 incidit,
1159 5180 1215 5260 qui
1246 5178 1314 5243 1111
1344 5181 1444 5251 vitare
1475 5179 1691 5263 Charybdim?
1727 5180 1839 5244 Nonne
1872 5184 1972 5246 maior
2005 5182 2079 5246 binc

238 5288 342 5349 oritur
372 5284 547 5351 difficultas
577 5285 695 5367 duplex
716 5283 853 5350 chorus?
887 5283 964 5348 Esse
998 5282 1057 5348 hoc
1090 5281 1212 5362 aliquid
1236 5301 1298 5346 non
1322 5303 1484 5363 negamus.
1533 5281 1595 5347 Sed
1623 5281 1751 5348 sortiter
1782 5286 1903 5348 utimur
1934 5285 2079 5366 exemplo

1893 5385 1923 5438 2‘
