4717 5734
1130 333 1185 423 „13

244 569 277 625 et
300 584 326 625 v.
350 567 405 628 52:
429 564 491 628 iam
503 583 622 629 vacuus
638 564 750 629 aether
766 587 827 630 nou
848 573 955 648 potest
970 565 1043 630 odio
1059 573 1135 632 tuae
1160 570 1161 579 ’
1177 566 1274 632 tellus
1284 569 1379 632 timet
1387 571 1553 651 concipere
1564 590 1624 633 uec
1638 576 1782 634 monstra
1799 571 1932 634 invenit:

377 663 521 730 sufficere
548 673 668 750 nuptae
694 687 839 750 quasque
862 667 1028 732 devincam
1051 668 1135 732 feras
1160 667 2087 754 vferaenegautur.Herculesmoustrilocoiamcoepitesse.

397 766 460 832 Sed
482 769 594 850 resipit
610 769 778 848 Senecam,
801 768 889 851 quod
905 769 1065 834 sententia
1081 792 1138 854 per
1152 792 1186 836 se
1202 771 1377 836 fortissima
1395 773 1494 838 etiam
1507 780 1737 856 exaggeratur:
1759 773 1824 837 illic
1840 774 1924 838 enim
1940 773 2087 837 additum

243 875 292 931 est
327 869 430 950 ipsam
463 891 633 934 novercam
662 872 877 954 imperitando
905 871 1022 936 fossam
1049 875 1156 938 auimo
1184 880 1218 937 et
1244 873 1295 938 ira
1322 873 1486 950 defecisse,
1519 874 1571 939 hic
1597 874 1770 940 Herculem
1797 874 1900 940 solum
1929 877 1992 940 iam
2019 895 2087 939 esse

242 977 423 1036 monstrum
447 973 478 1035 iu
501 974 597 1037 terris
618 972 824 1038 multitudine
847 975 1061 1041 victoriarum.

396 1073 433 1137 In
456 1072 539 1140 Ioles
560 1081 594 1139 et
616 1074 826 1140 Oechalidum
848 1074 1044 1141 carminibus
1067 1097 1129 1141 nou
1153 1082 1217 1158 est,
1240 1079 1272 1140 iu
1296 1098 1360 1158 quo
1383 1077 1582 1144 haereamus.
1628 1078 1716 1155 Quae
1744 1099 1808 1142 non
1830 1080 1953 1162 primus
1980 1080 2086 1143 iudico

242 1174 326 1238 inter
348 1175 582 1256 pulcherrima,
610 1199 693 1259 queo
716 1199 859 1261 uuquam
881 1179 1060 1260 composuit
1082 1177 1217 1254 Seneca,
1242 1177 1411 1244 referenda
1435 1201 1512 1246 esse.
1558 1180 1596 1244 cf.
1620 1179 1668 1243 W.
1691 1183 1727 1244 A.
1749 1179 1919 1262 Svoboda‚
1949 1180 2086 1246 Senecas

243 1274 423 1358 'l'ragddien
448 1277 610 1344 iibersetzt
632 1281 699 1344 und
722 1281 891 1360 erl'autert,
913 1279 974 1358 ΠΙ,
998 1301 1029 1362 p.
1053 1281 1125 1348 336.

395 1379 463 1444 Iam
484 1383 641 1463 promisso
663 1385 791 1448 stetisse
812 1382 889 1446 mihi
912 1383 1031 1446 videor.
1077 1382 1177 1448 Docui
1200 1383 1381 1446 enimcum
1404 1384 1526 1448 modios
1541 1392 1632 1448 actus
1650 1394 1719 1448 tum
1735 1387 1874 1465 primum
1889 1395 1922 1448 et
1938 1387 2086 1467 quintum

242 1481 289 1542 ita
311 1500 379 1546 esee
402 1493 618 1565 comparatos,
643 1492 679 1549 ut
700 1487 805 1568 prima
827 1485 956 1550 luturae
978 1484 1164 1566 tragoediae
1187 1482 1382 1548 lineamenta
1402 1483 1522 1549 habere
1545 1506 1603 1550 nos
1625 1485 1854 1568 suspicandum
1876 1488 1927 1550 sit.

394 1584 482 1661 Quae
509 1588 535 1650 si
561 1587 716 1670 pleraque
745 1595 832 1652 recte
860 1607 918 1652 rios
944 1586 1157 1668 disputavisse
1184 1588 1391 1663 concesseris,
1415 1589 1603 1670 gravissima
1632 1589 1794 1670 quaedam
1812 1597 2003 1672 argumenta
2025 1591 2084 1665 eis,

242 1687 296 1764 qui
326 1685 480 1752 Senecam
506 1687 655 1755 Herculis
681 1690 792 1755 Oetaei
818 1696 981 1754 auctorem
1008 1708 1077 1753 esse
1102 1695 1314 1771 negaverunt,
1341 1696 1455 1770 erepta
1481 1698 1557 1754 suut
1581 1689 1634 1773 (cf.
1661 1691 1740 1766 leo,
1769 1691 1788 1754 l.
1813 1691 1831 1758 l.
1856 1711 1884 1773 p.
1907 1693 1973 1770 48).
2017 1691 2085 1756 lam

241 1787 324 1850 euim
348 1809 451 1872 neque
463 1792 495 1854 iu
508 1791 628 1874 duplici
650 1792 749 1858 choro
772 1811 875 1873 neque
897 1792 929 1854 in
945 1811 1041 1856 secura
1061 1797 1135 1872 post
1156 1789 1305 1856 Herculis
1319 1790 1488 1872 prologum
1504 1793 1660 1858 urutunda
1674 1794 1823 1858 hauseris.
1869 1793 1962 1870 Quod
1977 1782 2085 1860 autem

240 1887 340 1970 duplo
383 1891 448 1956 fere
486 1894 624 1976 amplior
661 1902 710 1959 est
749 1893 936 1977 tragoediae
971 1893 1124 1970 ambitus,
1163 1914 1236 1958 cnm
1277 1913 1333 1974 per
1368 1913 1403 1956 se
1441 1891 1540 1958 levius
1581 1902 1631 1960 est
1665 1901 1734 1960 tum
1761 1897 1791 1959 in
1820 1895 1930 1960 fabula
1957 1897 2086 1969 minime

239 1990 381 2070 perlecta
406 1991 571 2060 offensioni
594 2017 663 2062 esse
682 2017 744 2060 non
768 2003 888 2077 potest:
911 1997 1113 2076 nequeenim
1130 1995 1344 2059 dubitandum
1366 1995 1589 2072 videturesse,
1612 1998 1690 2078 quin
1708 1996 1841 2073 Seneca,
1864 1998 1890 2061 si
1905 2004 2084 2062 extremum

239 2094 440 2174 perpoliendi
462 2100 566 2181 operis
587 2097 731 2164 laborem
752 2097 966 2174 adhibuisset,
989 2097 1132 2180 gemellis
1153 2096 1232 2162 locis
1253 2095 1368 2161 deletis
1390 2098 1423 2160 in
1444 2096 1576 2162 solitum
1597 2119 1744 2162 versuum
1765 2119 1935 2162 numerum
1958 2111 2085 2182 tragoe-

240 2193 327 2258 diam
360 2195 457 2262 fuerit
486 2207 720 2266 contracturus.
775 2201 812 2264 ln
843 2199 938 2264 titulo
965 2221 1040 2265 vero
1066 2199 1142 2264 huic
1173 2220 1248 2265 cnm
1271 2200 1376 2281 prima
1405 2197 1516 2264 fabula
1541 2203 1703 2266 communi
1731 2203 1803 2282 quis
1829 2202 1912 2265 serio
1934 2199 2084 2275 offendet,

241 2301 429 2378 praesertim
463 2323 535 2366 cum
568 2303 655 2368 haud
689 2303 735 2368 ita
768 2311 915 2368 constare
943 2304 1090 2366 videatur
1116 2310 1365 2384 cognomentum
1391 2301 1586 2380 „Oetaeum“
1615 2304 1701 2385 ideo,
1725 2305 1812 2385 quod
1841 2312 1967 2367 tautum
1995 2305 2026 2368 in
2057 2306 2083 2368 ,1

240 2399 379 2481 legatur,
400 2405 545 2485 spurium
568 2405 656 2470 csse?
702 2405 807 2470 Facile
839 2406 926 2470 euim
956 2407 1076 2470 sactum
1107 2424 1176 2468 esse
1204 2410 1323 2485 potest,
1357 2410 1395 2468 ut
1416 2425 1488 2468 cum
1517 2407 1549 2469 in
1576 2403 1789 2488 chirographo
1817 2427 1838 2468 a
1857 2413 1952 2487 poeta
1972 2415 2084 2488 postea

238 2505 421 2584 appositum
448 2513 533 2571 esset
552 2508 658 2591 (cuius
685 2510 728 2574 rei
752 2528 851 2591 supra
878 2527 908 2588 p.
936 2511 973 2572 12
995 2505 1178 2588 exemplum
1200 2505 1392 2589 attulimus),
1420 2507 1453 2568 iu
1481 2505 1616 2570 alteram
1639 2510 1854 2572 recensionem
1877 2509 2082 2589 reciperetur,

242 2625 305 2668 non
333 2609 530 2690 reciperetur
557 2612 589 2674 in
617 2597 768 2675 alteram.
808 2609 944 2676 Formae
971 2608 1084 2674 saltem
1112 2609 1272 2690 praesidio
1298 2615 1375 2672 sunt
1402 2610 1569 2673 notissima
1592 2611 1796 2690 cognomina:
1825 2608 2024 2684 „Uticensis“
2051 2622 2083 2674 et

238 2705 437 2783 „Ooloueus“
460 2710 538 2796 (Cio.
556 2713 596 2776 de
611 2733 677 2778 seu.
691 2719 719 2788 7,
742 2713 801 2796 22)
823 2711 917 2794 plane
940 2712 1053 2776 eadem
1075 2711 1116 2775 de
1138 2731 1238 2776 causa
1257 2710 1369 2774 indita.
1415 2709 1479 2776 Sed
1498 2709 1586 2775 aliud
1609 2724 1671 2783 ost,
1694 2711 1781 2792 qnod
1804 2711 1836 2774 in
1858 2714 2084 2777 constituenda

238 2807 347 2874 fabulo
369 2821 534 2878 auctorem
553 2816 731 2896 peccavisse
751 2813 867 2878 lerunt.
911 2813 1062 2880 Heinsius
1083 2816 1166 2878 euim
1190 2812 1255 2898 (ed.
1271 2811 1405 2878 Scriver.
1428 2811 1529 2896 Lugd.
1545 2813 1617 2878 Bat.
1642 2818 1733 2878 1620.
1758 2835 1787 2896 ρ.
1804 2817 1913 2896 33516)
1925 2833 2082 2879 summam

240 2911 334 2978 huius
358 2916 542 2996 tragoediae
566 2909 834 3001 dvoraovoprqoluv
858 2918 1058 3000 vituperavit.
1104 2915 1167 2982 Sed
1190 2917 1257 2998 ipse
1279 2916 1371 2980 nobis
1393 2916 1623 2998 suppeditavit,
1644 2937 1709 2998 quo
1732 2915 1823 2980 facile
1847 2916 1949 2981 rotelli
1965 2928 2081 3000 posset.

238 3014 309 3094 Ipse
333 3017 416 3080 enim
439 3021 593 3083 concessit
616 3018 724 3098 „aliud
747 3037 815 3084 esso
838 3021 951 3084 vitium
973 3011 1057 3106 ἕλῃς,
1080 3021 1168 3101 quod
1190 3019 1234 3084 sit
1256 3020 1288 3082 iu
1310 3017 1468 3094 subiecto,
1490 3016 1579 3082 aliud
1601 3026 1768 3102 peccatum
1791 3027 1917 3101 poetae,
1938 3021 2025 3101 quod
2051 3022 2080 3084 in

238 3119 467 3184 constitutione
489 3122 543 3196 sit,
566 3143 637 3186 cnm
662 3120 822 3204 quaedam
845 3141 886 3186 ne
908 3121 1081 3204 Sophocles
1105 3121 1237 3202 quidem
1258 3122 1401 3202 potuerit
1421 3121 1570 3184 evitaret
1616 3120 1764 3186 Herculis
1789 3121 1934 3202 prologo,
1963 3125 2082 3206 qnippe

237 3221 292 3300 qui
316 3220 346 3284 in
370 3221 434 3286 alia
456 3243 552 3286 scena
575 3231 700 3306 agatur,
724 3225 840 3289 omisso
863 3245 928 3298 res,
961 3245 1043 3306 quae
1067 3243 1168 3304 usque
1191 3223 1234 3286 ad
1256 3223 1406 3304 quintum
1428 3231 1537 3286 actum
1559 3225 1590 3286 in
1615 3223 1752 3287 Hercule
1773 3222 1892 3287 Oetaeo
1915 3232 2081 3304 geruntur,

236 3344 300 3387 non
323 3322 477 3407 longioris
498 3329 652 3408 temporis
670 3335 746 3391 sunt
767 3347 865 3408 quam
889 3325 1067 3408 Sophoclea
1090 3326 1265 3407 tragoedia.
1309 3324 1404 3402 Quod
1425 3332 1533 3388 autem
1558 3325 1732 3408 Sophocles
1755 3347 1818 3390 non
1839 3325 2001 3390 dubitavit
2022 3327 2080 3390 ad·

237 3427 377 3502 mittere,
401 3426 462 3492 hoc
485 3428 623 3494 Senecae
645 3429 707 3492 erit
729 3429 825 3492 vitio?
856 3430 899 3492 At
922 3431 953 3494 iu
975 3430 1087 3511 quinto
1108 3437 1184 3493 actu
1208 3427 1345 3503 Seneca,
1368 3427 1444 3490 dum
1469 3430 1645 3509 nonaginta
1667 3427 1755 3493 chori
1773 3449 1882 3492 versus
1903 3429 2081 3494 decurrunt

236 3527 490 3613 (1518--16061,
519 3531 680 3614 ingentem
705 3551 817 3612 rogum
840 3537 1039 3596 exstructum
1062 3537 1094 3593 et
1118 3529 1288 3594 Herculem
1309 3538 1486 3594 crematum
1507 3550 1575 3594 esse
1596 3529 1699 3595 finxit.
1744 3530 1813 3594 Hoc
1846 3552 1988 3612 quoqne,
2024 3534 2079 3614 qui

238 3630 389 3696 Senecam
421 3632 520 3713 legit,-
539 3637 699 3715 patienter
733 3633 823 3696 feret.
868 3631 957 3696 Solet
991 3633 1076 3696 enim
1111 3631 1233 3696 Seneca
1259 3633 1290 3694 in
1321 3632 1379 3709 eis,
1411 3652 1494 3713 quae
1523 3641 1617 3698 extra
1639 3654 1768 3698 scenam
1789 3642 1960 3714 geruntur,
1984 3633 2079 3699 rebus

237 3736 390 3815 temporis
406 3733 563 3798 rationem
586 3757 700 3818 parum
722 3735 892 3817 diligenter
914 3734 1091 3798 instituere.
1135 3734 1231 3798 Initio
1256 3731 1423 3797 Phaedrae
1446 3733 1574 3798 fabulae
1598 3735 1790 3818 Hippolytus
1813 3744 1916 3800 totam
1940 3739 2077 3801 Atticen·

237 3836 386 3918 indagine
414 3838 497 3919 cingi
530 3837 631 3901 iubet:
665 3845 738 3920 post
766 3843 926 3902 trecentos
956 3857 1064 3900 vorsus
1090 3856 1124 3898 re
1156 3835 1237 3900 beue
1265 3856 1304 3900 ac
1331 3834 1464 3901 feliciter
1486 3845 1577 3918 gesta
1599 3875 1639 3882 —
1664 3841 1871 3919 nequeenim
1895 3839 1958 3902 alia
1981 3861 2080 3902 cansa

236 3937 352 4020 legitur
373 3977 406 3986 -
426 3941 457 4002 in
475 3960 603 4004 scenam
617 3941 711 4005 redit.
757 3939 792 4004 ln
817 3938 996 4004 Troadibus
1019 3937 1229 4022 Polyxenam,
1253 3958 1351 4020 quam
1374 3961 1401 4003 v.
1429 3941 1508 4004 1009
1525 3938 1667 4022 Pyrrhus
1686 3942 1786 4004 esiuu
1805 3943 1917 4004 matris
1933 3939 2078 4012 abduxit,

236 4047 309 4121 post
335 4045 376 4106 16
404 4041 493 4106 chori
521 4063 630 4107 vorsus
656 4044 881 4125 interemptam
906 4061 975 4105 csse
1002 4043 1225 4122 comperimus.
1281 4039 1318 4103 Iu
1342 4039 1456 4104 Medea
1483 4040 1593 4105 liberis
1616 4064 1642 4104 v.
1666 4045 1727 4106 849
1751 4065 1824 4106 cum
1846 4043 1970 4106 t'uuesto
1992 4043 2078 4107 dono

236 4145 340 4208 missis
366 4153 439 4224 post
466 4144 667 4210 brevissimos
693 4149 734 4210 24
760 4143 931 4210 versiculos
960 4145 1128 4206 uurrtiatnr
1155 4140 1326 4206 Creontem
1357 4151 1389 4205 et
1417 4144 1483 4206 eius
1510 4143 1615 4206 tiliam
1631 4143 1768 4208 flammis
1790 4153 1997 4227 consumptos
2021 4169 2077 4212 nec

234 4244 330 4309 variis
361 4247 509 4310 remediis
543 4247 696 4313 adhibitis
729 4249 816 4330 ignes
844 4246 984 4329 potuisse
1013 4245 1152 4326 reprimi.
1203 4244 1239 4307 In
1264 4244 1387 4326 Oedipo
1418 4243 1601 4326 haruspicio
1629 4269 1655 4310 v.
1682 4249 1744 4312 299
1771 4248 1899 4312 decreto
1929 4249 2077 4330 iussoque

234 4373 262 4411 v.
284 4349 346 4414 303
372 4346 497 4412 hostiae
524 4351 588 4413 iam
615 4351 658 4414 ad
685 4371 758 4416 aras
783 4357 880 4415 sterit.
924 4347 1046 4412 Ibidem
1074 4349 1161 4411 intra
1193 4350 1229 4412 15
1259 4367 1408 4413 versuum
1435 4349 1575 4430 spatium
1597 4349 1779 4433 (era-38)
1806 4350 1993 4428 mittuntur,
2021 4353 2078 4432 qui

235 4471 357 4528 omues,
392 4451 447 4530 qui
473 4451 648 4533 aliquando
675 4452 754 4517 Laio
780 4460 927 4535 pastores
955 4449 1097 4526 luerunt,
1131 4450 1338 4532 conquirant,
1370 4459 1505 4532 apparet
1532 4453 1616 4515 iuter
1642 4473 1696 4516 eos
1723 4475 1762 4515 ex
1788 4455 1874 4534 agris
1904 4454 2077 4518 arcessitus

235 4551 392 4630 Phorbas,
416 4552 471 4634 qui
493 4555 694 4636 potissimum
716 4555 926 4620 desideratur.
969 4552 1006 4616 Iu
1030 4551 1166 4636 'l'hyeste
1190 4552 1268 4616 dum
1289 4554 1331 4617 68
1349 4573 1459 4618 versus
1480 4563 1640 4619 canuntur
1669 4556 1882 4638 (335—403),
1908 4553 1965 4618 filii
1989 4556 2076 4620 Atrei

235 4655 277 4716 ad
303 4661 468 4735 patruum,
496 4657 586 4721 cuius
612 4667 682 4722 tum
709 4679 750 4722 ue
773 4659 874 4722 scitur
900 4655 1030 4737 quidem
1058 4653 1230 4737 refugium,
1262 4652 1520 4736 proficiscuntur,
1548 4654 1600 4720 hic
1626 4665 1700 4738 post
1728 4658 1838 4738 longas
1858 4656 2077 4722 dubitationes

234 4755 289 4838 (ef.
312 4760 374 4822 412
397 4759 461 4842 sq.)
495 4760 626 4824 taudem
652 4759 801 4842 precibus
832 4757 1006 4822 liberorum
1034 4759 1136 4821 victus
1162 4759 1193 4822 in
1226 4758 1365 4840 patriam
1389 4756 1529 4821 advenit.
1561 4795 1596 4804 -
1625 4758 1717 4835 Quod
1748 4761 1846 4841 igitur
1874 4761 1904 4822 in
1938 4759 2075 4824 Hercule

235 4859 355 4924 Oetaeo
376 4859 506 4926 Heinsio
530 4863 635 4926 miuus
656 4861 791 4944 placuit,
815 4861 954 4926 Senecae
976 4861 1141 4942 proprium
1161 4858 1258 4924 fuisse
1280 4859 1432 4922 videmus.

388 4961 488 5028 Porro
512 4967 542 5028 in
567 4964 678 5049 mytho
701 4963 871 5027 tractando
896 4962 1034 5028 Senecae
1057 4983 1189 5026 manum
1211 4963 1421 5043 agnoscimus.
1469 4961 1512 5025 Ut
1534 4964 1617 5026 cunm
1640 4985 1765 5046 semper
1783 4965 1952 5047 solebat,*)
1975 4976 2076 5028 mate-

388 5201 412 5259 *l
431 5201 465 5256 cl.
490 5201 546 5256 Jos.
564 5203 680 5263 Hdhler,
711 5203 740 5258 L.
760 5201 865 5256 Annaei
886 5202 1005 5256 Senecae
1027 5207 1109 5268 trag,
1133 5217 1202 5270 quae
1227 5200 1346 5268 Oedipus
1365 5199 1533 5257 inscribitur.
1552 5219 1612 5254 cnm
1631 5202 1713 5269 Soph.
1732 5203 1797 5256 Oed.
1816 5201 1891 5270 Rege
1909 5214 2073 5271 comparata.

235 5285 324 5354 l’rogr.
346 5305 432 5358 gymn.
453 5285 549 5343 Neues.
570 5293 641 5344 1865.
661 5307 686 5357 p.
705 5297 727 5342 4.
