4717 5734
1172 337 1213 396 ‘lo

272 569 359 648 qnod
391 569 509 632 servitii
542 568 689 634 Herculis
719 578 752 635 et
785 586 1012 635 aerumnarum
1046 572 1241 634 mentionem
1273 571 1305 632 in
1334 567 1438 631 altero
1470 568 1600 633 oraculo
1634 567 1811 649 Sophocleo
1843 569 1957 634 factm
1981 568 2115 653 (Trech.

274 673 356 736 1169
379 671 443 755 sq.)
465 678 535 735 tota
556 670 665 735 fabula
689 671 809 738 Seneca
831 673 1071 755 diligentissime
1092 673 1186 737 vitat:
1218 693 1299 755 quos
1320 670 1397 735 tulit
1418 669 1573 735 Hercules
1594 669 1735 747 labores,
1756 673 1845 752 apud
1864 670 1950 736 hunc
1964 671 2117 736 facillime

272 773 348 836 tulit
368 793 406 836 ec
428 793 529 855 paene
552 773 648 837 ultro.
692 773 805 857 ltaque
829 796 869 838 ue
893 777 924 840 in
946 774 1008 839 hac
1030 776 1162 857 quidem
1185 795 1315 839 recum
1338 772 1444 838 Leone
1464 774 1644 837 consentire
1665 793 1844 856 possumus.
1888 772 2000 857 Neque
2019 776 2115 850 enim,

272 883 309 937 ut
331 875 495 940 contendit
516 875 569 940 illc
591 875 625 958 (l.
648 875 669 939 l.
692 898 721 958 p.
746 879 809 962 55),
833 877 947 941 claude
971 884 1004 941 et
1026 877 1156 959 oblique
1177 885 1276 958 poeta
1294 875 1458 939 Romanus
1472 875 1629 940 haecduo
1645 874 1777 940 oracula
1792 877 1876 939 inter
1889 897 1923 940 se
1938 879 2115 952 coniunxit,

272 978 341 1040 sed
355 998 427 1040 cum
454 978 622 1060 utriusque
657 979 778 1043 oraculi
812 981 966 1044 retineret
991 1001 1120 1054 nomen,
1150 986 1376 1062 argumentum
1401 977 1536 1042 alterius
1567 997 1644 1041 suae
1674 976 1804 1042 fabulae
1834 999 1956 1061 suoque
1987 980 2116 1062 ingenio

272 1079 405 1160 aptioris
435 1081 513 1144 scite
546 1079 605 1143 sibi
641 1080 745 1163 elegit.
790 1081 884 1158 Quod
915 1088 1023 1146 autem
1057 1080 1156 1146 verba
1188 1079 1327 1145 Senecae
1355 1101 1394 1144 ex
1426 1079 1593 1163 Sophoclis
1620 1080 1749 1161 gemino
1783 1083 1923 1145 carmine
1955 1083 1986 1145 in
2016 1103 2116 1146 unum

272 1178 411 1246 conflate
434 1201 502 1246 esse
525 1181 589 1246 Leo
611 1183 702 1260 dicit,
727 1205 766 1248 ne
786 1183 848 1248 hcc
870 1185 1002 1266 quidem
1025 1185 1156 1249 concedi
1179 1190 1294 1266 potest.
1340 1182 1420 1247 Oum
1443 1185 1528 1246 enim
1547 1189 1634 1246 recte
1657 1184 1907 1264 comparavisset

358 1282 452 1346 Herc.
477 1284 545 1351 Oet.
568 1288 665 1350 1476:
688 1283 803 1348 dextra
821 1287 978 1368 perempti
998 1287 1112 1362 victor,
1137 1285 1260 1362 Alcide,
1282 1287 1342 1349 viri
1363 1285 1440 1349 olim
1463 1285 1582 1349 iacebis

372 1392 405 1449 et
427 1384 540 1450 Trach.
565 1389 662 1452 1160:
686 1379 809 1471 ἀνδρῶν
831 1384 992 1452 πνεόντων
1011 1384 1144 1471 μηδενὸς
1165 1390 1282 1452 θανεῖν
1302 1379 1378 1464 irre,
1406 1407 1576 1470 perperam
1597 1386 1661 1450 Leo
1684 1391 1895 1468 comparavit:

357 1487 450 1551 Herc.
468 1487 537 1552 Oet.
565 1493 659 1554 1477:
680 1488 733 1554 hic
754 1488 813 1553 tibi
834 1511 962 1555 emenso
985 1491 1069 1555 freta
1089 1497 1257 1571 terresque
1279 1497 1313 1552 et
1334 1490 1431 1554 urbes
1452 1489 1524 1554 finis
1544 1497 1707 1553 extremus
1727 1489 1825 1553 datur

373 1597 404 1652 et
426 1588 540 1653 Trach.
565 1593 662 1656 1169:
680 1582 698 1652 i'
719 1614 775 1672 μοι
797 1587 897 1676 χρόνῳ
920 1595 965 1675 τῷ
987 1591 1080 1677 ζωντι
1104 1591 1159 1656 καὶ
1184 1588 1320 1676 παρόντι
1344 1593 1396 1655 νῖν

681 1687 803 1778 imaeve
823 1688 957 1774 μόχθων
982 1697 1046 1759 τῶν
1071 1692 1261 1780 ἐφεστώτων
1283 1691 1355 1777 ἐμοὶ

677 1791 769 1858 lica
790 1794 988 1862 reiciodcu.

425 1893 508 1960 Nam
530 1897 618 1978 apud
640 1895 792 1961 Senecam
814 1905 888 1980 post
909 1921 936 1962 v.
962 1899 1170 1977 1476τα1ε,
1193 1910 1365 1982 quaesunt
1385 1897 1482 1980 „finis
1496 1905 1692 1975 extremus“,
1717 1899 1754 1962 de
1778 1907 1882 1962 morte
1897 1897 2118 1980 intellegenda
2137 1963 2142 1974 ,

271 2017 339 2061 esse
362 1998 598 2079 apertissimum
620 2005 681 2078 est,
709 2001 797 2081 apud
821 1999 1011 2084 Sophoclem
1037 2009 1108 2066 tota
1132 2004 1180 2066 vis
1207 2001 1268 2066 loci
1296 2003 1329 2064 in
1352 2021 1389 2064 eo
1412 2009 1475 2079 est,
1502 2002 1603 2083 quod,
1632 2023 1714 2082 quae
1741 2003 1784 2064 sit
1808 2000 1865 2065 ille
1889 1996 2024 2081 μόχθων
2051 2001 2118 2063 τῶν

272 2094 461 2184 ἐφεστώτων
483 2097 582 2178 tiore,
606 2103 638 2164 in
662 2101 760 2166 dubio
783 2103 985 2185 relinquitur.

420 2201 493 2266 Alia
520 2211 568 2266 est
592 2203 657 2280 lex,
691 2225 790 2285 quem
817 2227 992 2288 numquam
1026 2208 1179 2289 migrasse
1205 2205 1360 2272 Senecam
1394 2206 1505 2269 docuit
1530 2205 1688 2270 chrions
1715 2206 1797 2271 Wcil
1827 2207 1862 2290 (l.
1885 2207 1906 2270 l.
1928 2227 1958 2288 p.
1983 2209 2049 2291 23),
2075 2228 2116 2268 ne

271 2303 343 2385 plus
366 2311 431 2368 tres
454 2325 609 2385 personae
632 2305 726 2370 simul
749 2307 967 2390 loquerentur.
1012 2307 1115 2385 Quam
1137 2316 1261 2391 quanta
1282 2308 1452 2373 severitate
1466 2309 1618 2386 terruerit,
1644 2310 1674 2372 in
1691 2307 1831 2374 Hercule
1847 2311 1968 2374 Oetaeo
1983 2329 2115 2391 quoque

271 2407 474 2488 conspicitur.
529 2407 684 2472 Extrema
714 2411 799 2474 enim
829 2410 939 2476 fabula
960 2410 1115 2494 Hercules
1136 2411 1224 2493 apud
1248 2409 1438 2494 Sophoclem
1461 2408 1502 2473 ab
1523 2410 1616 2494 Hyllo
1638 2410 1705 2476 filio
1728 2413 1844 2494 poscit,
1867 2420 1902 2476 ut
1924 2433 2038 2494 rogum
2052 2411 2113 2475 sibi

271 2515 416 2572 exstruat
450 2511 664 2593 incendetque
695 2514 822 2576 viventi.
867 2513 961 2591 Quod
994 2535 1056 2579 non
1088 2514 1199 2578 stetim
1233 2514 1399 2596 impetret,
1432 2532 1507 2577 nam
1535 2513 1689 2595 religione
1721 2524 1828 2578 motus
1861 2513 1977 2598 Hyllus
2010 2515 2116 2595 primo

270 2619 406 2675 recuset.
451 2611 533 2675 Tum
554 2613 767 2679 acerbissimis
788 2617 882 2680 minis
909 2617 1011 2680 victus
1037 2619 1242 2681 incensurum
1267 2636 1301 2680 se
1330 2635 1444 2697 rogum
1470 2623 1657 2681 constanter
1684 2624 1792 2697 negat,
1820 2617 1851 2680 iu
1880 2618 1994 2680 ceteris
2017 2617 2116 2680 rebus

264 2715 355 2796 ,patri
378 2717 523 2796 quemvis
546 2717 664 2782 invitus
691 2718 778 2780 cedit
799 2717 927 2801 (Trach.
954 2722 1035 2784 1174
1057 2721 1128 2802 sq).
1174 2718 1270 2800 Apud
1298 2718 1451 2782 Senecam
1478 2717 1631 2783 Hercules
1657 2719 1844 2782 exstruendi
1866 2726 1900 2783 et
1921 2720 2112 2783 incendendi

270 2818 340 2898 rogi
362 2837 473 2880 curem
496 2816 693 2882 Philoctetae
716 2819 831 2902 defert,
855 2841 950 2902 quem
972 2823 1073 2885 fecem
1094 2820 1275 2885 subdidisse
1297 2819 1427 2903 mythus
1444 2820 1581 2884 tradidit
1606 2819 1714 2904 (Herc.
1737 2821 1806 2886 Oet.
1835 2824 1915 2887 1483
1936 2824 2007 2904 sq).
2052 2822 2115 2886 Hic

270 2919 368 2999 igitur
400 2917 520 2982 Seneca
539 2926 572 2982 et
593 2921 765 3002 complevit
790 2922 994 3004 Sophoclem,
1026 2925 1113 3006 apud
1139 2943 1250 3005 quem,
1282 2944 1377 3004 quem
1409 2921 1476 2986 filio
1506 2921 1646 2987 officium
1676 2924 1876 2987 detrectante
1902 2945 1980 3006 rogo
2006 2927 2113 3007 ignem

271 3019 476 3086 subditurum
497 3042 566 3087 csse
588 3020 743 3088 Hercules
766 3026 953 3107 speraverit,
988 3047 1051 3090 non
1072 3035 1222 3109 apertum
1244 3033 1308 3109 est,
1333 3032 1367 3091 et
1388 3046 1516 3090 scenam
1540 3026 1627 3107 apud
1651 3024 1839 3109 Sophoclem
1867 3025 2057 3109 ampliorem
2081 3029 2112 3090 in

270 3126 438 3206 angustius
458 3126 599 3206 spatium
618 3129 788 3190 contraxit.
833 3126 925 3204 Quod
939 3127 991 3192 hic
1003 3127 1124 3192 factum
1139 3149 1207 3192 csse
1222 3128 1392 3192 miremur:
1412 3128 1553 3210 graviter
1567 3129 1651 3191 euim
1667 3125 1861 3191 offendimur
1875 3129 1908 3191 iu
1924 3127 2113 3204 Philocteta

271 3227 340 3307 qui,
377 3229 523 3308 quamvis
556 3231 759 3310 gravissimas
792 3231 961 3294 recusandi
993 3251 1105 3294 censes
1136 3229 1268 3307 hebeat,
1305 3229 1430 3292 nullum
1460 3228 1557 3295 faciat
1591 3229 1731 3293 verbum.
1783 3231 1825 3294 At
1854 3233 1882 3294 si
1915 3230 2112 3313 loqueretur,

271 3329 473 3393 sanctissima
496 3329 566 3407 illa,
600 3352 696 3413 quem
724 3332 875 3408 diximus,
909 3331 960 3397 lex
987 3333 1169 3397 violaretur.
1214 3331 1327 3397 Locuti
1358 3332 1443 3395 euim
1473 3341 1549 3397 suut
1580 3330 1748 3407 Hercules,
1783 3332 1950 3410 Alcmena,
1982 3332 2114 3417 Hyllus:

271 3451 346 3511 crgo
370 3429 567 3495 Philoctetae
588 3434 762 3497 tacendum
784 3443 840 3498 est.

424 3533 551 3608 Restat,
586 3542 622 3599 ut
653 3538 693 3599 de
724 3535 826 3614 chori,
864 3539 918 3619 qui
951 3517 993 3601 sit
1027 3539 1058 3601 iu
1092 3535 1229 3601 Hercule
1262 3537 1397 3615 Oetaeo,
1435 3557 1492 3601 usu
1526 3557 1631 3619 pauca
1659 3538 1811 3601 dicamus.
1870 3536 1993 3601 Iniuria
2026 3541 2111 3602 enim

272 3635 430 3700 Swoboda
463 3635 513 3720 (L.
553 3638 588 3705 A.
627 3638 763 3703 Senecas
796 3637 992 3722 Tragiidieu,
1031 3637 1196 3704 iibersetzt
1228 3641 1296 3702 und
1324 3638 1482 3704 erleutert
1516 3663 1544 3702 v.
1581 3638 1630 3702 W.
1666 3639 1703 3705 A.
1736 3639 1767 3703 S.
1803 3639 1893 3703 Wieu
1930 3641 2022 3706 1830.
2054 3640 2114 3716 Ill,

273 3737 303 3803 S.
341 3741 417 3818 344)
448 3737 581 3803 chorum
619 3739 765 3805 Herculis
800 3741 925 3820 Oetaei,
969 3743 1023 3823 qui
1066 3749 1141 3806 ente
1181 3741 1330 3808 Herculis
1367 3743 1540 3806 adveutum
1580 3741 1699 3823 legitur
1745 3743 1787 3821 (v.
1831 3742 2114 3826 1031—1130t,*)

272 3861 342 3904 cum
377 3839 502 3922 reliqua
538 3844 705 3925 tragoedia
740 3843 911 3908 cohaerere
949 3845 1084 3926 negavit.
1129 3844 1190 3921 Qui
1225 3845 1342 3909 chorus
1380 3848 1411 3908 in
1448 3844 1542 3908 simili
1576 3843 1642 3907 iore
1674 3853 1862 3925 argumento
1885 3854 2031 3908 versatur
2063 3853 2114 3908 at·

271 3964 333 4023 que
359 3952 512 4024 quartum
540 3945 705 4026 Sophoclis
732 3947 899 4010 stasimum
927 3946 1038 4010 eodem
1065 3945 1135 4010 loco
1162 3948 1318 4029 positum:
1343 3956 1465 4011 certam
1491 3966 1559 4010 esse
1586 3947 1734 4010 Herculis
1759 3956 1903 4011 mortem.
1948 3947 2017 4010 Hoc
2049 3950 2113 4011 iem

272 4048 376 4110 nescio
409 4067 449 4108 an
484 4049 562 4111 satis
594 4050 638 4111 sit
668 4049 710 4112 ad
742 4048 976 4113 defendendam
1009 4047 1177 4113 Herculem
1207 4049 1370 4115 Oetaeum.
1419 4047 1489 4113 Hoc
1519 4056 1627 4113 temen
1663 4051 1746 4111 inter
1777 4056 1950 4131 utrumque
1978 4049 2112 4113 chorum

272 4151 416 4224 interest,
448 4147 533 4230 quod
565 4156 712 4214 constare
739 4151 780 4214 de
809 4149 956 4214 Herculis
988 4159 1090 4215 morte
1118 4153 1205 4234 apud
1233 4151 1425 4234 Sophoclem
1451 4152 1659 4232 antiquorum
1687 4152 1890 4216 oraculorum
1918 4151 1995 4228 fide,
2023 4153 2110 4234 apud

273 4252 424 4315 Senecam
458 4254 597 4315 omnium
632 4274 739 4317 rerum
768 4253 942 4334 fragilitate
970 4253 1135 4336 probatur.
1182 4257 1287 4337 Atque
1314 4276 1334 4318 a
1361 4253 1537 4318 clarissimo
1565 4253 1683 4334 Orphei
1711 4254 1812 4317 dicto:
1850 4262 2014 4318 aeternum
2041 4253 2111 4316 fieri

272 4352 351 4416 nihil
385 4359 427 4434 (v.
459 4357 554 4427 1035)
587 4354 749 4436 proiectus
777 4355 897 4420 Seneca
929 4375 1017 4419 more
1048 4377 1106 4420 suo
1141 4359 1172 4420 iu
1206 4356 1412 4422 discribeuda
1441 4354 1617 4419 incredibili
1647 4355 1765 4437 Orphei
1795 4365 1909 4420 cantus
1934 4359 1963 4419 vi
1989 4357 2114 4419 diutius

272 4463 426 4520 moratur.
472 4455 590 4538 Orphei
619 4458 703 4521 enim
729 4457 860 4541 mythos
887 4459 1047 4522 intereos
1070 4465 1127 4538 cst,
1149 4480 1231 4541 quos
1253 4461 1420 4524 adamasse
1443 4458 1496 4521 ille
1519 4458 1657 4534 videtur,
1681 4479 1754 4523 cum
1777 4458 1825 4522 bis
1847 4466 2014 4540 praeterea
2036 4479 2109 4520 eum

271 4561 460 4622 tractaverit
494 4557 602 4642 (Herc.
632 4559 690 4623 fur.
720 4561 780 4623 569
803 4579 850 4640 sq.
879 4557 962 4623 Med.
987 4563 1141 4643 seseq).
1192 4561 1270 4626 Post
1305 4561 1388 4625 hanc
1420 4561 1649 4642 digressionem
1677 4560 1762 4624 redit
1788 4581 1916 4624 carmen
1944 4582 1994 4636 cc,
2026 4561 2113 4624 unde

272 4680 421 4724 exorsum
444 4671 514 4724 erat
537 4660 622 4740 (iude
645 4681 665 4723 a
687 4685 714 4726 v.
741 4663 852 4744 loo-ll:
879 4664 988 4745 „quod
1008 4671 1119 4727 natum
1143 4671 1204 4739 cst,
1229 4664 1318 4747 quod
1340 4664 1414 4738 erit,
1438 4664 1538 4725 nvori‘·
1561 4669 1603 4736 (v.
1630 4667 1728 4746 1099)
1749 4671 1781 4727 et
1802 4663 1965 4745 exempla,
1994 4663 2112 4745 quibus

272 4783 383 4826 verum
406 4763 465 4826 hoc
488 4784 555 4826 esse
579 4764 826 4845 persuadeatur,
853 4765 1020 4830 adduntur
1042 4765 1205 4842 Hercules,
1228 4767 1376 4842 mundus,
1400 4765 1451 4828 dei
1474 4766 1532 4846 ipsi
1543 4763 1593 4848 ²²²⁸)
1606 4766 1700 4830 morti
1723 4765 1862 4830 obnoxii.
1907 4765 2110 4848 Quamquam

273 4865 371 4945 igitur
385 4865 487 4928 maior
509 4887 582 4946 pars
606 4865 695 4930 chori
718 4869 748 4930 in
770 4868 966 4949 digressione
989 4871 1198 4952 consumitur,
1222 4875 1328 4932 tamen
1352 4867 1394 4930 ad
1417 4888 1468 4930 res
1489 4868 1522 4929 in
1543 4889 1638 4931 scene
1660 4875 1748 4932 actas
1770 4869 1934 4949 aptissime
1956 4871 2111 4932 convenit.

426 5120 449 5168 *r
470 5119 604 5174 Laudavit
622 5123 691 5176 bunc
712 5123 821 5177 chorum
840 5123 871 5177 L.
890 5123 996 5188 llllller,
1015 5123 1094 5175 Jahn.
1113 5139 1174 5180 ann.
1191 5129 1233 5184 89,
1251 5141 1277 5190 p.
1295 5129 1353 5178 lle.

422 5207 467 5273 **)
486 5207 662 5260 Memorabile
688 5207 806 5268 videtur,
832 5208 901 5274 quod
923 5207 987 5260 deos
1005 5224 1123 5276 qucqncs
1146 5209 1210 5261 olim
1233 5209 1300 5261 chao
1321 5208 1447 5260 haustum
1471 5208 1504 5260 iri
1528 5207 1598 5260 dixit
1622 5209 1725 5261 Seneca
1748 5209 1831 5262 etiam
1853 5209 1920 5278 Thy.
1944 5215 1989 5264 set
2017 5225 2053 5275 sq.
2080 5215 2108 5261 et

272 5295 367 5360 Agam.
387 5299 435 5346 leri
454 5309 492 5358 sq.
