4717 5734
1163 339 1180 396 7

249 574 329 640 illud
351 576 415 657 tegi
439 573 579 638 iubentis
600 573 678 656 (531
702 593 749 656 sq.
772 580 806 638 et
828 577 890 640 719
913 574 987 657 sq.).
1032 573 1079 637 Ac
1106 572 1208 637 multo
1235 575 1333 638 etiam
1360 576 1496 656 ineptior
1523 593 1574 636 res
1597 569 1766 646 videbitur,
1787 571 1824 646 si,
1849 570 1879 632 id
1903 571 1991 652 quod
2011 571 2106 663 infra⁸

251 676 368 742 dicitur
395 677 438 760 (v.
466 676 558 760 735),
586 675 701 766 vellere
729 674 849 758 pallam
875 677 1012 740 tinctam
1039 693 1107 740 esse
1135 679 1343 758 reputaveris.
1399 675 1493 751 Quod
1519 674 1579 738 nisi
1610 671 1676 736 late
1703 692 1797 753 pessa
1822 679 1907 736 veste
1934 672 2004 736 fieri
2030 695 2093 738 non

248 785 361 862 potest.
407 776 491 854 Quid
512 777 630 862 igitur?
663 777 700 842 ln
722 778 791 859 ipso
815 797 911 860 opere
934 778 1079 844 ridemus
1100 785 1230 860 poetam
1252 777 1466 844 laborantem.
1510 776 1570 854 Qui
1595 795 1668 840 cnm
1689 772 1822 856 paulum
1849 773 1891 836 ab
1918 775 2093 857 exemplari

248 901 306 944 suo
327 880 551 945 declinavisset
573 899 625 956 eo,
647 880 735 961 quod
755 899 807 944 res
828 880 923 944 aliter
944 881 975 944 iu
999 885 1092 944 actus
1112 880 1285 960 disposuit,
1311 881 1376 944 iam
1403 899 1440 944 eo
1466 878 1579 944 debuit
1601 877 1765 960 progredi,
1794 885 1830 942 nt
1854 878 1968 942 nutrici
1989 877 2093 960 pallae

249 982 493 1066 praeparandae
520 1001 631 1046 curam
658 979 807 1048 deferret.
852 979 900 1046 Ne
920 989 1029 1046 tamen
1057 981 1242 1046 Deianiram
1269 1003 1401 1064 prorsus
1427 987 1590 1064 expertem
1618 979 1739 1044 faceret
1763 979 1832 1044 eius
1860 981 1977 1062 operis,
2005 981 2093 1062 quod

248 1085 307 1150 sibi
330 1085 403 1167 soli,
426 1091 463 1148 nt
482 1085 574 1148 estin
596 1081 762 1166 Sophocle,
786 1103 857 1148 eam
878 1085 1065 1166 permittere
1077 1103 1137 1166 par
1159 1090 1220 1161 est,
1243 1103 1351 1150 coram
1371 1083 1429 1149 illa
1444 1083 1595 1167 pallama
1610 1084 1734 1147 nutrice
1756 1081 1836 1146 illini
1852 1080 1954 1147 fiuxit.
2001 1083 2093 1148 Unde

248 1190 281 1251 iu
303 1187 405 1264 illam,
429 1207 527 1268 quam
548 1185 701 1264 diximus,
725 1183 945 1252 difficultatem
968 1195 1064 1270 poeta
1086 1185 1208 1251 incidit.
1253 1185 1356 1264 Quam
1378 1187 1484 1269 ipsum
1505 1186 1640 1251 sensisse
1662 1192 1695 1249 et
1717 1205 1812 1267 aegre
1835 1184 1946 1248 tulisse
1968 1184 2094 1249 duabus

247 1288 345 1354 rebus
367 1287 497 1371 probari
522 1286 656 1352 videtur.
701 1286 803 1353 Totus
830 1291 914 1354 enim
942 1289 1032 1354 locus
1054 1290 1101 1354 ita
1118 1296 1169 1354 est
1191 1296 1361 1371 corruptus
1383 1297 1417 1353 et
1435 1287 1607 1353 lacunosns
1630 1287 1706 1370 (715
1730 1290 1800 1369 sq),
1825 1296 1861 1350 ut
1883 1286 1971 1350 haud
1994 1286 2035 1351 ab
2059 1308 2093 1351 ro

247 1393 290 1456 sit
323 1390 474 1473 colligere
506 1389 548 1454 ab
580 1391 648 1472 ipso
678 1398 776 1473 poeta
807 1411 879 1456 eum
913 1414 976 1457 non
1006 1413 1074 1458 esse
1102 1389 1301 1469 absolutum,
1332 1392 1522 1473 praesertim
1552 1411 1625 1454 cum
1656 1389 1742 1454 idem
1769 1389 1853 1453 infru
1879 1389 1998 1453 factum
2024 1409 2093 1452 esse

248 1493 396 1557 videatur
421 1491 474 1577 (cs.
499 1512 530 1574 p.
551 1491 596 1576 8).
652 1493 797 1572 Accedit,
832 1495 921 1577 qnod
945 1501 1015 1560 tota
1041 1513 1138 1559 scene
1162 1513 1227 1576 pon
1258 1495 1338 1558 setis
1370 1499 1518 1575 apparet,
1547 1501 1657 1556 utrum
1690 1492 1772 1556 sorte
1803 1513 1956 1573 casuque,
1992 1498 2029 1555 nt
2061 1493 2091 1554 in

250 1593 417 1679 Sophocle,
440 1615 482 1658 an
496 1596 718 1678 praesagiente
739 1596 857 1678 auimo,
880 1604 1008 1662 utrem
1030 1597 1227 1679 experiatur,
1256 1594 1409 1659 Deianira
1430 1594 1544 1672 vellus,
1563 1613 1628 1676 quo
1649 1602 1769 1659 restem
1790 1597 1943 1666 tinxerat,
1971 1593 2094 1657 solibus

249 1705 389 1779 exponat
410 1695 466 1780 (cl.
489 1720 516 1761 v.
541 1699 602 1764 719
625 1704 659 1761 et
681 1701 756 1775 725,
780 1698 885 1781 qualis
905 1699 938 1763 in
961 1698 1083 1782 Eest.).

400 1815 507 1880 Etiam
536 1817 568 1878 in
596 1814 682 1900 Hylli
711 1816 853 1882 moribus
885 1818 1105 1883 describendis
1133 1817 1255 1883 Seneca
1280 1825 1405 1882 certum
1432 1814 1600 1882 consilium
1628 1822 1686 1878 ant
1713 1837 1775 1879 uon
1801 1815 1916 1880 habuit
1942 1823 2000 1880 aut
2026 1837 2090 1878 uon

248 1918 362 1981 tenuit.
408 1917 521 1982 Posuit
542 1923 664 1992 antem,
685 1926 723 1982 ut
736 1918 822 1983 inira
844 1919 1033 1998 videbimus,
1050 1919 1196 2004 Hyllum,
1218 1922 1406 2003 priusquam
1418 1939 1546 1984 scenam
1561 1920 1723 1994 introiret,
1747 1919 1939 1999 comperisse
1954 1925 2091 1982 matrem

249 2041 269 2082 a
292 2017 391 2084 Nesso
420 2021 595 2102 deceptam.
641 2019 709 2084 Hoc
742 2023 955 2086 necessarium
979 2021 1163 2098 videbatur,
1191 2029 1228 2086 ut
1254 2031 1350 2100 esset,
1381 2024 1437 2104 qui
1464 2021 1650 2085 Deianiram
1676 2021 1781 2102 ipsam
1807 2040 1841 2084 se
1872 2021 2091 2086 damnantem

246 2120 436 2186 defenderet
457 2128 490 2185 et
511 2129 687 2186 excusaret.
733 2123 816 2188 Hinc
836 2126 934 2190 etium
957 2131 1019 2203 est,
1042 2125 1129 2207 quod
1150 2123 1364 2207 placidissime
1387 2123 1502 2209 Hyllus
1523 2122 1603 2188 haec
1625 2124 1739 2187 matris
1760 2121 1859 2187 verba
1881 2122 1986 2188 audit:

343 2261 370 2303 v.
395 2245 471 2306 914:
492 2241 611 2306 Exedit
632 2251 723 2306 artus
741 2244 829 2308 virus
848 2251 886 2309 ut
906 2243 993 2309 fama
1013 2252 1062 2309 est
1083 2242 1215 2328 hydrae.

491 2343 574 2420 Quin
596 2346 664 2426 ipse
686 2344 784 2426 paulo
805 2352 880 2428 post
901 2347 1006 2411 addit:

342 2465 366 2506 v.
394 2447 470 2510 920:
494 2448 624 2527 sanguis
644 2444 731 2510 hune
752 2446 844 2512 Nessi
867 2449 1027 2531 opprimet
1046 2450 1107 2512 —l

492 2546 688 2624 Quibuscum
710 2549 792 2614 male
815 2552 1020 2615 consentiunt
1041 2559 1187 2615 extrema
1209 2549 1296 2635 Hylli
1317 2549 1427 2614 verba:

377 2651 472 2714 1027:
493 2670 512 2714 o
534 2649 651 2713 misera
673 2651 789 2732 pietas:
813 2653 838 2716 si
861 2656 943 2718 mori
966 2659 1102 2718 matrem
1124 2661 1223 2730 retes

493 2754 579 2834 patri
602 2773 636 2816 es
656 2750 823 2832 scelestus3
845 2757 871 2818 si
893 2757 974 2820 mori
997 2756 1128 2839 pateris,
1151 2762 1259 2819 tumen

495 2857 524 2919 in
547 2861 652 2939 matre
675 2875 787 2938 peccas
809 2895 850 2904 —
874 2865 990 2940 urguet
1012 2856 1087 2921 hinc
1110 2855 1198 2922 illinc
1220 2857 1332 2921 scelus.

492 2956 666 3021 inhibenda
687 2964 793 3021 tamen
813 2967 876 3037 est,
898 2980 1007 3024 verum
1029 2968 1066 3024 ut
1087 2960 1220 3042 eripiam
1243 2957 1355 3023 scelus.

401 3073 641 3140 Pulcherrimns
663 3074 714 3140 hic
738 3077 826 3142 locus
848 3085 944 3156 osset,
967 3080 994 3143 si
1016 3078 1135 3143 scelere
1158 3077 1271 3142 matris
1284 3085 1410 3159 patrem
1433 3076 1513 3138 mori
1530 3074 1645 3158 Hyllus
1662 3082 1807 3156 putaret3
1832 3095 1916 3138 nunc
1930 3076 2090 3157 ineptissi-

244 3193 315 3236 mus
340 3182 401 3249 ost,
426 3197 499 3239 cum
520 3175 610 3241 Nessi
634 3177 747 3243 fraude
769 3178 860 3242 illum
882 3181 986 3245 iacere
1007 3184 1097 3246 sciat.

399 3277 543 3342 Tertium
569 3287 651 3354 erat,
679 3281 767 3361 quod
795 3282 878 3345 male
905 3281 1076 3347 cohaerere
1104 3302 1215 3346 scenas
1241 3282 1400 3362 quasdam
1423 3280 1571 3343 diximus.
1617 3276 1715 3341 Onins
1738 3281 1783 3341 rei
1806 3300 1919 3356 uuum,
1948 3283 2036 3362 quod
2058 3284 2087 3344 iu

245 3377 305 3440 huo
328 3387 420 3460 parte
443 3379 571 3444 fabulae
593 3379 762 3460 habemns,
784 3384 963 3466 exemplum
984 3405 1083 3468 snpra
1105 3391 1391 3448 commemoratum
1408 3389 1459 3447 est
1480 3380 1535 3464 (cf.
1557 3402 1586 3462 p.
1609 3383 1654 3462 5).

398 3481 465 3546 lam
493 3483 536 3546 ad
558 3491 682 3548 ceteras
702 3482 830 3549 fabulae
853 3493 977 3569 partes,
998 3507 1079 3568 quas
1099 3484 1207 3551 adhuc
1230 3506 1292 3551 non
1315 3485 1524 3567 respeximus,
1544 3481 1778 3546 transeundum
1800 3491 1857 3546 est.

400 3601 539 3666 Mediam
567 3602 708 3668 fabulam
732 3602 852 3669 Seneca
874 3627 946 3670 cum
970 3607 1149 3688 scripsisset
1170 3613 1240 3688 aut,
1268 3605 1301 3668 id
1322 3605 1409 3688 qnod
1427 3603 1628 3669 verisimilius
1650 3609 1712 3684 est,
1736 3602 1842 3667 animo
1871 3605 2088 3687 disposuisset,

243 3699 349 3766 haesit
376 3703 505 3781 dubius,
535 3706 695 3787 quomodo
723 3727 790 3770 rem
816 3707 996 3772 conficeret.
1041 3708 1120 3773 Tres
1152 3708 1238 3772 euim
1270 3715 1364 3771 erant
1390 3715 1494 3783 actus,
1527 3715 1560 3771 at
1591 3707 1734 3789 quinquo
1763 3705 1950 3786 postulabat
1975 3707 2088 3771 solitus

245 3806 483 3886 tragoediarum
512 3806 660 3872 ambitus.
710 3807 821 3890 Neque
850 3811 877 3874 is
904 3818 974 3874 erat
1001 3809 1134 3886 Seneca,
1166 3811 1221 3893 qni
1252 3810 1356 3892 legem
1384 3809 1469 3874 hanc
1500 3810 1695 3891 antiquitate
1723 3815 1868 3871 sanctam
1898 3809 2086 3892 neglegeret.

247 3905 292 3968 De
314 3927 378 3987 quo
403 3910 576 3974 rectissime
599 3909 757 3974 Heoricus
781 3911 899 3991 Weil*)
923 3915 968 3977 sic
992 3915 1157 3977 indicavit:
1180 3913 1248 3995 „les
1269 3911 1373 3994 regles
1395 3912 1434 3974 de
1457 3912 1660 3988 conventiou,
1685 3929 1807 3973 comme
1830 3910 1876 3974 les
1895 3915 1973 3974 trois
1989 3913 2087 3975 iuter·

245 4006 420 4087 locutenrs,
444 4011 490 4074 los
513 4019 586 4093 cinq
603 4018 703 4090 actos,
727 4021 801 4078 sont
823 4015 867 4078 du
891 4015 1040 4080 nombres
1063 4017 1102 4080 de
1125 4015 1233 4092 celles,
1256 4035 1332 4078 avec
1354 4012 1523 4096 lesquelles
1545 4035 1588 4076 un
1611 4019 1729 4076 auteur
1752 4034 1790 4076 ne
1813 4021 1890 4094 peut
1913 4016 2086 4095 transiger,

244 4109 386 4192 lorsqu'rl
408 4133 428 4175 a
451 4135 531 4194 pour·
554 4113 719 4179 auditeurs
740 4117 796 4180 des
817 4138 907 4198 gens,
936 4119 990 4199 qui
1015 4139 1049 4180 se
1069 4121 1204 4200 piqnont
1230 4117 1270 4182 dc
1297 4119 1420 4182 seleuco
1446 4124 1479 4178 et
1506 4116 1545 4179 de
1573 4118 1716 4198 critique.
1762 4113 1789 4178 ll
1810 4114 1898 4179 suffit
1920 4117 1959 4178 de
1981 4119 2087 4180 savoie

243 4219 388 4294 comptor
420 4234 476 4278 sur
508 4215 555 4278 los
584 4216 690 4300 doigts
720 4239 801 4300 pour
834 4219 879 4283 lui
914 4241 953 4283 en
987 4228 1180 4298 remontrer,
1216 4219 1261 4282 s’il
1294 4219 1433 4283 s'avisuit
1466 4218 1506 4280 de
1539 4216 1584 4281 les
1611 4218 1740 4281 violer.“
1785 4219 1830 4282 Ac
1863 4219 1903 4282 de
1929 4218 2086 4301 explenda

244 4316 410 4397 tragoedia
435 4319 588 4398 cogitanti
611 4320 751 4400 primum
774 4319 969 4386 offerebatur
991 4322 1123 4404 quintus
1145 4330 1245 4388 actus.
1290 4321 1448 4399 Quoniam
1473 4321 1610 4384 enimin
1634 4319 1714 4384 Octa
1735 4323 1910 4385 moriturus
1932 4319 2087 4385 Hercules

244 4438 339 4482 scena
361 4417 465 4484 elatus
488 4427 571 4498 erat,
599 4421 726 4486 duabus
748 4425 877 4488 omnino
900 4423 1080 4489 rationibus
1103 4423 1213 4488 sabula
1235 4424 1415 4488 continuari
1439 4443 1477 4486 ac
1499 4421 1584 4486 finiri
1603 4426 1722 4504 potuit:
1750 4433 1807 4486 aut
1829 4423 1994 4487 narranda
2016 4435 2087 4488 erat

245 4517 393 4585 Herculis
430 4541 516 4586 mors
554 4529 586 4585 et
613 4524 795 4606 apotheosis
822 4533 880 4590 ant
916 4527 974 4609 ipsi
1003 4535 1073 4591 orat
1107 4529 1136 4590 iu
1170 4523 1346 4612 θεολογείῳ
1376 4525 1606 4610 apparendum.
1670 4525 1850 4606 Utrumque
1885 4526 1915 4588 in
1949 4526 2085 4590 Hercule

246 4619 362 4685 Oetaeo
384 4621 453 4686 fieri
476 4624 628 4688 videmus.
672 4625 815 4690 Primum
839 4630 923 4692 enim
948 4630 979 4693 in
1003 4651 1131 4694 scenam
1152 4630 1262 4711 prodit
1285 4629 1478 4693 Philoctetes
1494 4636 1527 4692 et
1542 4628 1651 4692 multis
1665 4627 1769 4690 vorbis
1784 4635 1921 4691 mortem
1937 4628 2085 4693 Herculis

245 4719 397 4788 describit
422 4727 466 4810 (v.
493 4729 729 4813 1607-1755).
774 4729 836 4794 Ubi
858 4751 933 4795 vero
956 4753 993 4795 eo
1016 4739 1145 4795 ventum
1167 4740 1229 4808 est,
1253 4740 1302 4807 ut,
1325 4731 1485 4812 quomodo
1509 4732 1692 4806 excesserit,
1725 4737 1885 4807 narretur,
1913 4729 2031 4796 lacuna
2053 4735 2082 4795 iu

244 4823 406 4889 codicibus
434 4835 490 4892 est.
535 4827 646 4911 Neque
674 4833 759 4895 enim
782 4833 841 4911 sic,
865 4839 902 4896 ut
928 4854 1013 4897 nunc
1034 4831 1079 4910 fit,
1102 4833 1186 4896 liniri
1207 4839 1313 4916 potest
1333 4833 1491 4895 narratio:
1519 4851 1661 4894 summac
1685 4833 1811 4894 virtutis
1832 4841 1864 4895 et
1885 4835 2085 4898 constantiae

243 4926 389 5008 exemplo
412 4931 498 4994 edito
519 4930 691 4996 Herculem
714 4933 823 4998 oculos
846 4955 908 4998 nou
932 4937 1099 5018 pressisse,
1124 4957 1197 5000 cum
1212 4937 1276 4999 iam
1297 4932 1446 4998 flammae
1468 4941 1566 5014 caput
1588 4935 1656 4996 eins
1679 4944 1895 5014 occupassent
1941 4935 2004 5000 Sed
2027 4947 2085 4998 aut

242 5028 446 5093 combustum
469 5043 501 5094 et
523 5041 685 5100 mortuum
714 5057 782 5100 esse
805 5036 977 5103 Herculem
1002 5038 1174 5102 dicendum
1191 5047 1263 5104 crat
1287 5042 1344 5101 aut
1370 5037 1441 5116 ipso
1463 5057 1501 5098 cx
1523 5057 1600 5116 rogo
1624 5035 1667 5098 ad
1688 5036 1879 5100 astraillum
1897 5039 2084 5102 ascendisse.

396 5287 424 5352 ¹¹)
443 5286 534 5340 Rerue
552 5289 666 5344 arche'ol.
687 5294 833 5349 corrasor.
854 5293 899 5349 Vl.
919 5298 1007 5349 rinnde
1027 5296 1073 5348 Xl.
1093 5295 1142 5348 vol.
1161 5311 1186 5361 p.
1207 5299 1247 5346 35.
