4717 5734
1164 346 1183 406 5

340 576 576 660 useaaflyll.
602 577 710 654 Vitam
732 577 912 660 relinques?
940 578 978 642 l).
1003 578 1165 655 bliseram,
1190 589 1226 644 ut
1248 578 1385 646 Alciden·
1403 600 1527 665 sequar.
1578 638 1581 643 ,

490 677 529 744 Η.
554 677 707 761 Superest
728 687 761 744 et
783 700 878 744 auras
902 681 954 745 ille
977 667 1129 746 caelestes
1151 681 1261 746 trahit.

491 781 528 846 D.
552 781 645 847 Vinci
665 781 826 876 Hercules
842 798 915 849 cnm
939 787 1056 864 potuit,
1080 783 1153 850 hinc
1176 785 1282 866 coepit
1303 786 1394 847 mori.
1439 804 1442 813 ’

390 887 468 951 897:
492 883 531 948 H.
555 884 668 948 Virum
688 887 868 966 sequeris.
914 885 952 948 D.
975 885 1147 968 Praegredi
1170 895 1279 952 castae
1300 886 1412 949 solent.

391 991 467 1053 895:
491 986 530 1050 H.
552 987 672 1052 Natum
695 985 856 1070 relinques
878 988 1009 1071 fataque
1030 988 1203 1072 abrumpes
1225 990 1302 1052 tua?

489 1089 527 1154 D.
548 1088 789 1172 Quamcumque
806 1097 901 1154 natus
916 1091 1042 1174 sepelit,
1065 1091 1144 1160 haee
1167 1093 1245 1156 vixit
1268 1090 1332 1154 din.
1390 1159 1393 1163 ἵ

407 1191 470 1258 Sed
495 1191 622 1270 dubito,
651 1211 692 1256 au
720 1193 766 1266 sic
792 1194 1010 1266 restituendus
1034 1195 1078 1266 sit
1108 1211 1267 1262 versuum·
1288 1191 1370 1258 ordo
1396 1190 1574 1257 scribarum
1606 1209 1714 1258 errore
1745 1180 1903 1259 turbatus.
1949 1194 2094 1270 Accedit,

254 1295 340 1376 quod
365 1314 453 1378 spem
480 1292 522 1358 ab
545 1293 640 1379 Hyllo
664 1293 806 1359 oblatam
828 1297 926 1359 etiam
946 1315 988 1361 ex
1007 1295 1068 1368 hoc
1089 1298 1264 1366 certamine
1285 1293 1471 1370 Herculem,
1501 1301 1539 1358 ut
1562 1294 1678 1372 soleat,
1706 1296 1859 1360 victorem
1881 1295 2095 1359 discessurum

253 1419 322 1462 usse
345 1396 420 1478 (911
446 1399 508 1480 sq.)
532 1396 645 1460 melius
667 1395 844 1478 legeremus
865 1405 939 1480 post
961 1419 1015 1461 eos
1035 1417 1157 1476 versus,
1183 1398 1299 1480 quibus
1321 1398 1425 1462 vivere
1448 1396 1554 1462 adhuc
1576 1395 1665 1465 illum
1688 1397 1801 1482 Hyllus
1816 1397 1898 1462 dixit
1917 1398 1960 1474 (v.
1976 1399 2095 1478 89311).

409 1497 466 1562 Η1ε
489 1498 584 1563 rebus
607 1507 694 1563 certe
718 1498 864 1582 efficitur,
888 1507 924 1564 ut
946 1498 1035 1567 haud
1058 1502 1106 1567 ita
1127 1500 1349 1584 benesingnla
1362 1499 1519 1581 disposita
1533 1519 1602 1563 esse
1616 1505 1778 1582 putemus:
1801 1500 1929 1581 scripsit
1942 1501 2093 1564 nimirum

255 1607 357 1682 poeta,
381 1609 416 1664 nt
437 1621 585 1683 quaeque
607 1603 763 1684 cogitanti
786 1623 820 1668 sc
841 1602 1037 1668 obtulerunt.
1074 1637 1076 1646 ν
1154 1669 1157 1674 ,

407 1702 473 1768 Nec
486 1723 571 1785 quae
587 1712 767 1785 sequuntur
784 1705 953 1770 Deianirae
975 1705 1072 1770 verba
1095 1705 1269 1770 ostensione
1291 1711 1407 1770 vacant
1429 1711 1470 1780 (v.
1494 1705 1556 1768 934
1578 1706 1648 1785 sq).
1695 1702 1755 1767 Vix
1778 1704 1863 1768 enim
1885 1703 1961 1767 ferri
1977 1711 2093 1786 potest,

253 1805 341 1887 quod
363 1812 436 1887 post
457 1806 578 1888 longas
592 1805 664 1876 illas
685 1807 725 1869 de
748 1808 860 1872 mortis
873 1829 989 1890 genere
1011 1806 1229 1872 dubitationes
1251 1808 1357 1872 denuo
1373 1805 1526 1870 Deianira
1545 1804 1659 1869 eodem
1675 1805 1849 1870 revolvitur
1861 1806 2094 1888 (ero-1009).

253 1909 299 1980 Ac
322 1927 378 1990 per
400 1929 434 1972 se
457 1907 536 1972 haec
559 1927 655 1974 scena
673 1907 769 1978 leude
795 1931 855 1976 uon
880 1911 1011 1998 indigna
1033 1918 1091 1976 est.
1137 1910 1419 1983 Vehementissime
1446 1909 1530 1971 euim
1558 1915 1664 1972 movet
1685 1908 1808 1972 animos
1830 1908 1910 1972 haec
1932 1908 2095 1992 Deianira,

253 2031 336 2092 quae
362 2007 497 2092 supplex
523 2011 594 2093 ipsa
620 2031 654 2075 se
681 2010 829 2075 manibus
857 2013 930 2077 irati
956 2014 1099 2095 coniugis
1127 2011 1234 2089 offert,
1265 2015 1358 2095 quasi
1388 2013 1506 2076 sentiat
1537 2009 1597 2074 boc
1630 2010 1830 2090 potissimum
1857 2031 1930 2074 eum
1957 2009 2095 2094 flagrare

253 2112 426 2189 desiderio,
457 2119 490 2176 et
510 2119 638 2178 tantum
662 2111 723 2177 hoc
752 2115 856 2190 timet,
889 2136 928 2178 ne
956 2116 1037 2180 vires
1065 2115 1155 2179 illum
1178 2114 1367 2191 defecerint,
1399 2134 1456 2177 nec
1483 2119 1577 2177 atrox
1603 2111 1721 2176 Lichae
1752 2112 1854 2176 fatum
1880 2115 1949 2194 pati
1976 2121 2034 2177 aut
2060 2122 2096 2177 ut

254 2217 354 2278 leram
380 2214 466 2278 feriri
494 2213 690 2280 reformidat.
736 2215 782 2280 Ac
808 2237 895 2282 cunr
909 2216 1023 2301 Hyllus
1056 2217 1206 2282 ultimum
1238 2216 1396 2282 furentem
1427 2215 1496 2279 eius
1520 2215 1663 2279 animum
1689 2214 1788 2280 lenire
1815 2221 1962 2292 cernetur,
1996 2216 2095 2298 ipsius

253 2315 310 2380 filii
332 2337 445 2381 manus
473 2317 626 2399 implorat
652 2317 803 2399 pietatem
832 2339 899 2384 esse
927 2327 1064 2396 testans,
1091 2341 1174 2402 quae
1202 2327 1327 2401 patrem
1354 2319 1517 2400 eripuerit,
1547 2326 1686 2382 matrem
1712 2319 1909 2394 interimere3
1937 2324 2039 2399 ipsam
2061 2339 2095 2382 se

252 2419 415 2502 parricidii
439 2421 626 2502 magistram
648 2418 797 2501 praeben
822 2422 978 2508 intrepide
1000 2423 1098 2486 ictum
1121 2443 1154 2486 se
1177 2429 1386 2503 excepturum
1407 2419 1591 2504 pollicetur;
1613 2421 1692 2502 quin
1715 2420 1860 2500 ignauiae
1882 2419 2006 2483 crimini
2030 2441 2094 2486 nou

252 2523 364 2604 parcit.
410 2520 498 2598 Quae
524 2523 550 2586 si
578 2521 647 2586 sola
672 2521 838 2604 leguntur,
874 2525 995 2606 optima
1026 2531 1116 2598 suut3
1149 2527 1175 2588 si
1201 2530 1275 2606 poet
1296 2523 1353 2587 illa
1376 2524 1450 2604 (845
1474 2523 1551 2606 sq),
1583 2522 1725 2605 legentes
1757 2521 1943 2603 defatigant.
1993 2523 2094 2600 Adde,

251 2623 339 2706 quod
363 2644 404 2686 ne
426 2623 496 2688 loco
519 2623 650 2704 quidem
673 2633 749 2707 apto
773 2624 932 2692 collocata
953 2633 1037 2690 aurit.
1082 2625 1165 2690 Nam
1188 2649 1214 2689 v.
1236 2627 1405 2692 936—963
1429 2625 1471 2688 ud
1493 2625 1610 2689 inferos
1632 2625 1695 2687 iam
1718 2623 1919 2688 descendisse
1943 2623 2095 2690 Deianira

251 2726 311 2790 sibi
338 2727 405 2792 visa
430 2732 491 2802 est,
523 2745 660 2808 poenam
691 2729 856 2809 sociasque
888 2727 949 2792 sibi
974 2727 1084 2811 elegit,
1118 2729 1277 2792 neminem
1310 2730 1359 2791 sui
1392 2748 1502 2808 parem
1534 2727 1667 2791 inveniri
1695 2726 1807 2789 doluit.
1857 2725 1944 2792 llaec
1973 2729 2094 2809 optime

252 2830 517 2893 continuarentur
539 2851 566 2891 v.
590 2831 672 2894 1002
695 2849 756 2911 sq,
778 2829 895 2911 quibus
918 2829 1018 2896 furias
1040 2838 1225 2912 praesentes
1247 2850 1280 2894 se
1302 2830 1410 2894 videre
1432 2831 1592 2911 opinatur.
1638 2829 1674 2893 V.
1691 2831 1862 2894 soe-970
1882 2848 1920 2892 eo
1942 2830 2094 2895 nimirum

252 2929 385 2994 consilio
412 2932 522 2994 inserti
549 2941 638 3008 sunt,
676 2940 712 2994 ut
739 2933 778 2995 de
806 2939 909 2996 morte
941 2934 1057 2996 iterum
1089 2932 1187 2997 verba
1218 2940 1349 3014 possent
1378 2931 1461 3007 fieri;
1488 2953 1561 2996 cum
1592 2935 1651 3008 eis,
1684 2951 1768 3012 quae
1800 2931 2008 3009 antecedunt,
2042 2937 2094 2996 vix

252 3031 433 3096 cohaerent.

406 3135 577 3200 Veniamus
600 3159 683 3201 nunc
706 3137 746 3200 ad
771 3147 924 3218 quartum
945 3135 1073 3200 fabulae
1096 3143 1214 3201 actum.
1258 3138 1304 3200 Ac
1327 3144 1416 3200 recte
1428 3135 1579 3199 Heinsius
1599 3135 1664 3219 (ed.
1683 3133 1782 3199 Grou.
1804 3156 1834 3216 p.
1849 3137 1924 3211 600)
1948 3143 2093 3201 nostrum

251 3240 455 3321 vituperavit,
488 3239 575 3320 quod
603 3238 675 3316 „hio
701 3239 791 3304 lovis
824 3239 877 3304 ille
905 3237 1001 3314 lilius,
1036 3239 1179 3302 membru
1211 3240 1290 3302 dum
1316 3238 1452 3302 dilaniat
1480 3259 1549 3313 sua,
1573 3237 1728 3301 ducentos
1750 3245 1783 3300 et
1814 3235 1952 3319 amplius
1984 3260 2094 3304 versus

250 3341 418 3406 declamat.
472 3341 516 3405 Et
542 3343 575 3406 iu
607 3343 814 3424 occupatione
845 3351 911 3406 tam
939 3341 1073 3404 molesta
1099 3341 1203 3406 multa
1229 3341 1320 3416 dicit,
1354 3361 1438 3422 quae
1468 3343 1520 3404 vix
1548 3341 1672 3404 ociosus
1698 3337 1896 3403 declamator
1921 3342 1953 3403 in
1984 3340 2095 3408 schola

250 3443 457 3510 effurrderet“.
507 3443 619 3520 Recte,
651 3445 798 3525 inquam,
830 3447 875 3508 sic
898 3445 1052 3508 iudicavit
1079 3465 1135 3506 neo
1164 3455 1269 3508 tamen
1299 3445 1390 3506 iuste.
1434 3442 1549 3508 duetus
1575 3442 1660 3506 enim
1688 3443 1713 3504 is
1738 3447 1800 3518 est,
1828 3442 1883 3522 qui
1911 3450 2093 3526 temporum

250 3546 373 3610 ratione
402 3544 513 3610 habita
540 3557 573 3611 et
599 3547 732 3628 propria
762 3547 916 3628 cuiusque
946 3545 1087 3610 auctoris
1120 3547 1238 3610 virtute
1270 3553 1415 3626 respecta
1449 3545 1579 3610 iudicat¹
1636 3542 1718 3607 Erat
1751 3552 1859 3607 autem
1893 3544 2033 3611 Senecae
2061 3557 2094 3611 et

249 3647 434 3728 aequalium
454 3651 522 3713 eius
542 3650 721 3730 proprium,
758 3655 794 3713 ut
810 3647 988 3713 rhetoricae
1003 3649 1066 3712 arti
1084 3647 1155 3728 plus
1171 3648 1352 3713 tribuerent
1367 3669 1463 3728 quam
1479 3648 1637 3729 poeticae,
1660 3655 1730 3709 erat
1746 3648 1869 3709 otiosus
1885 3645 2091 3724 declamator,

250 3751 305 3830 qui
328 3748 386 3814 has
410 3750 593 3831 tragoedias
615 3751 804 3833 composuit.
850 3751 919 3826 Quo
951 3771 1100 3816 concesso
1127 3759 1157 3812 et
1186 3757 1338 3814 excusate
1371 3771 1432 3814 neu
1464 3770 1633 3832 possumus
1667 3748 1785 3822 faeere,
1819 3750 1897 3830 quin
1925 3749 2094 3815 laudemus

249 3859 410 3916 trecentos
437 3851 497 3917 hos
523 3871 641 3918 versus.
690 3852 909 3918 Pulcherrima
937 3855 1021 3916 eninr
1054 3855 1195 3934 assurgit
1226 3853 1329 3916 oratio
1362 3859 1459 3931 atque
1494 3854 1552 3926 ita,
1584 3862 1620 3914 ut
1648 3852 1740 3914 decet
1772 3850 1900 3914 beroem
1927 3861 1961 3916 et
1991 3856 2094 3935 poscit

250 3961 366 4018 natura
388 3952 518 4018 humani
543 3955 673 4020 doloris.
718 3953 821 4018 Heres
844 3958 928 4019 eninr
950 3958 1089 4038 primum
1112 3956 1213 4031 dolet,
1241 3955 1328 4036 quod
1352 3952 1542 4018 defendendi
1572 3954 1682 4017 muudi
1711 3952 1849 4017 odicium
1873 3976 1892 4016 a
1915 3963 2008 4034 patre
2030 3955 2091 4020 sibi

249 4053 392 4120 deloeum
413 4058 477 4120 iam
501 4077 562 4121 non
588 4059 688 4139 possit
708 4060 865 4122 sustinere
889 4060 931 4141 (v.
958 4061 1156 4136 litu—oon
1182 4058 1367 4138 indignatur
1394 4057 1523 4130 deinde,
1550 4057 1638 4137 quod
1666 4065 1733 4118 tam
1765 4056 1861 4120 debili
1885 4066 1917 4118 et
1939 4056 2091 4138 pudendo

250 4161 375 4222 auctori
399 4165 532 4222 mortem
556 4159 674 4224 debeat
696 4167 745 4223 tot
767 4163 930 4242 tantisque
954 4160 1050 4223 rebus
1074 4161 1200 4224 lbrtiter
1220 4159 1418 4239 feliciterque
1440 4159 1537 4239 gestis
1559 4159 1603 4242 (v.
1631 4161 1870 4241 1161--1206);
1895 4167 1964 4222 tum
1980 4159 2091 4224 dolore

250 4259 494 4324 intolerabiliter
515 4269 676 4328 crescente
700 4261 853 4327 describit
875 4261 1036 4338 morbum,
1061 4282 1125 4342 quo
1147 4263 1260 4341 ingens
1278 4282 1395 4342 corpus
1418 4259 1568 4324 hauritur
1590 4269 1622 4323 et
1645 4260 1789 4326 membra
1813 4263 1953 4336 intuens,
1975 4262 2092 4343 quihus

248 4362 386 4442 plurima
418 4361 561 4426 facinora
592 4367 801 4445 perpetravit,
833 4387 917 4429 nunc
944 4385 964 4428 a
992 4384 1087 4428 caeco
1121 4361 1213 4426 hoste
1241 4377 1431 4445 consumpta
1461 4363 1658 4427 lamentatur
1681 4385 1738 4427 nec
1758 4364 1899 4427 lacrimis
1931 4373 2092 4446 temperat

248 4464 354 4530 adhuc
381 4464 441 4530 sibi
468 4467 585 4546 ignotis
612 4471 652 4550 (v.
685 4467 926 4550 1218-1278);
955 4467 1093 4547 deniqne
1122 4463 1224 4530 dolori
1251 4467 1355 4548 impar·
1381 4475 1414 4528 et
1440 4466 1547 4530 arrimo
1571 4466 1692 4529 fractus
1718 4467 1759 4529 ad
1787 4487 1898 4548 preces
1925 4466 2093 4534 descendit

248 4575 281 4629 et
303 4575 439 4632 mortem
460 4568 541 4648 petit
564 4569 702 4649 primum
726 4589 746 4631 a
769 4576 875 4650 patre,
899 4571 989 4632 cuius
1011 4589 1109 4634 manu
1131 4568 1316 4648 dignissime
1338 4570 1509 4643 moriatur,
1538 4569 1654 4632 deinde
1675 4591 1695 4632 a
1717 4570 1816 4632 fratre
1837 4577 1870 4631 et
1889 4589 2012 4646 sorore,
2035 4573 2091 4653 qui

251 4667 309 4731 boc
330 4669 391 4734 sibi
415 4669 555 4733 debeant
573 4670 703 4752 pietatis
724 4691 852 4746 munus,
875 4679 942 4734 tum
966 4693 985 4736 a
1007 4691 1158 4744 noverca,
1181 4691 1278 4750 quam
1300 4691 1359 4751 par
1375 4673 1416 4734 sit
1438 4671 1612 4736 adversarii
1635 4680 1739 4736 morte
1763 4671 1888 4747 laetari,
1912 4671 2050 4754 denique
2073 4695 2092 4734 a

250 4770 381 4846 mundo,
416 4773 506 4838 cuius
531 4772 607 4838 olim
635 4773 751 4836 vindex
777 4773 873 4838 fuerit
895 4774 940 4856 (v.
968 4774 1202 4850 1290-1336).
1248 4771 1468 4836 Pulcherrima
1493 4773 1636 4854 profecto
1663 4772 1743 4836 haer
1771 4783 1860 4848 surrt,
1894 4796 2090 4856 quamquam

250 4872 333 4936 nube
355 4873 587 4940 rhetoricorum
609 4873 815 4940 flosculorum
837 4875 943 4940 velata
967 4874 1083 4952 latent,
1109 4883 1208 4956 atque
1235 4875 1354 4956 optime
1381 4877 1570 4955 procederet
1595 4878 1692 4951 actio,
1720 4877 1745 4940 si
1775 4885 1848 4958 post
1876 4876 1955 4940 haec
1975 4899 2089 4960 sopore

247 4995 418 5058 oppressus
448 4977 601 5042 Hercules
633 4977 860 5058 procumberet
886 5017 927 5028 -
952 4979 1017 5042 iam
1050 4979 1134 5042 enim
1163 4979 1318 5042 acerrime
1350 4978 1471 5041 exarsit
1503 4978 1634 5042 morbus
1663 5015 1702 5023 —
1729 4979 1825 5060 paule
1857 4987 1930 5060 post
1962 5001 2090 5044 scurram

246 5079 395 5144 introiret
427 5078 554 5162 Hyllus,
587 5082 658 5162 qui,
692 5088 729 5145 ut
750 5079 789 5144 lit
814 5081 902 5163 apud
931 5078 1130 5164 Sophoclem,
1164 5079 1262 5144 flebili
1295 5101 1371 5144 voce
1398 5089 1523 5161 patrem
1555 5083 1719 5145 excitaret.
1766 5082 1809 5146 At
1840 5082 1993 5146 Alcmena
2016 5092 2090 5164 post

247 5203 274 5242 ι.
301 5183 382 5248 1336
405 5183 645 5261 intromittitur,
678 5205 752 5248 cum
774 5203 840 5265 qua
862 5183 968 5249 denuo
989 5181 1144 5248 Hercules
1167 5181 1371 5246 lamentatur.
1419 5181 1512 5256 Quod
1535 5205 1573 5247 ne
1594 5183 1700 5260 fieret,
1727 5183 1901 5266 Sophocles
1923 5183 2089 5250 absentem

245 5281 339 5346 finxit
371 5283 500 5366 (Trach.
532 5287 610 5349 1151
647 5289 707 5367 sq.)
742 5307 779 5351 ac
810 5307 850 5350 ua
885 5285 1038 5352 Senecam
1072 5285 1202 5368 quidem
1239 5283 1349 5365 fugere
1383 5286 1488 5366 potuit
1525 5287 1631 5352 vitiari
1669 5285 1811 5352 fabulam
1847 5297 1913 5352 tam
1953 5288 2088 5353 molesta
