4717 5734
1163 365 1204 427 29

417 599 539 664 Deinde
563 601 627 665 Leo
655 599 789 664 offendit
816 603 845 664 in
869 601 962 666 Herc.
986 601 1056 664 Oet.
1080 601 1152 664 844.
1197 599 1257 664 Est
1279 598 1421 681 profecto
1445 607 1558 681 argute
1581 598 1716 663 dictum:
1744 595 1921 681 „Hercules
1943 597 2012 662 orbi
2034 597 2104 662 red·

261 700 385 766 dendus
407 709 464 778 est,
487 703 574 784 qued
598 720 670 766 cum
692 701 844 785 perficere
863 723 926 770 non
950 705 1060 785 possis,
1084 701 1192 777 redde,
1214 702 1302 782 quod
1321 703 1457 783 peteris:
1477 709 1644 784 poenam.“
1688 701 1751 764 Sed
1773 699 2020 766 taliaaSeneca
2041 721 2105 766 non

261 805 367 868 aliena
389 825 457 870 0000
479 806 547 888 ipse
558 805 623 868 Leo
646 806 800 883 ostendit,
824 807 879 888 qui
893 825 977 870 0000.
997 804 1088 869 Ηο11.
1114 807 1168 881 10,
1189 805 1208 868 3
1231 804 1393 868 laudaret:
1420 824 1504 880 „uec
1525 805 1614 886 piget
1634 826 1655 866 a
1677 802 1821 881 Parthis,
1843 823 1863 866 a
1886 802 2003 884 quibus
2026 824 2106 867 non-

261 907 338 970 dum
361 927 481 990 poenas
502 907 698 990 repetiimus,
717 927 793 972 0100
815 915 953 990 petere.“
994 905 1202 972 Simillimum
1218 906 1337 988 estAg.
1350 908 1428 970 987:
1451 905 1584 970 fratrem
1606 905 1724 970 reddat
1742 912 1801 970 aut
1820 903 1963 970 animam
1984 906 2104 970 statim.

414 1009 503 1074 Idem
533 1009 640 1092 inepte
671 1011 862 1092 interrogari
895 1017 989 1092 putat
1016 1008 1109 1073 Herc.
1145 1008 1215 1075 Oet.
1237 1010 1313 1074 867:
1341 1008 1458 1091 eligere
1485 1009 1596 1086 nescis,
1624 1010 1743 1093 anime,
1771 1010 1822 1072 cui
1850 1006 1915 1072 telo
1944 1007 2105 1084 iueubesl,

262 1133 334 1176 cum
357 1121 454 1176 00100
486 1118 518 1175 01
549 1112 633 1176 10110
667 1121 804 1176 mortem
838 1112 896 1177 sibi
931 1131 1046 1194 parare
1071 1108 1269 1174 dubitaverit
1293 1117 1326 1175 et
1354 1131 1476 1193 arupe
1508 1113 1721 1194 praecipitare
1752 1132 1786 1176 se
1817 1111 2034 1187 constituerit,
2068 1120 2105 1174 ut

261 1213 427 1296 multiplici
450 1221 555 1278 morte
578 1216 704 1296 periret.
752 1215 816 1280 Sed
837 1214 936 1279 telum
961 1234 1022 1278 non
1047 1221 1096 1278 est
1115 1211 1246 1287 ferrum,
1269 1213 1335 1290 sed,
1360 1222 1397 1277 ut
1416 1235 1444 1276 v.
1468 1215 1597 1294 8591601

753 1315 912 1398 quidquid
934 1313 975 1378 ad
998 1323 1134 1380 mertem
1156 1315 1267 1392 trahit,
1290 1315 1391 1380 telum
1413 1325 1462 1380 est
1482 1316 1611 1380 abunde

260 1420 424 1501 docemur,
448 1411 541 1484 omne
560 1421 674 1484 mertis
696 1439 796 1501 genus
818 1417 985 1500 siguificat.
1031 1417 1622 1499 110000000100110186711000οε11
1645 1418 1761 1500 eligere
1781 1418 1893 1492 nescis,
1917 1437 1982 1496 que
2004 1417 2104 1497 petis-

260 1523 376 1586 simum
395 1522 508 1585 mortis
529 1541 645 1602 genere
664 1522 774 1587 010110,
820 1521 913 1597 Quod
934 1525 1042 1584 autem
1066 1541 1193 1584 versum

345 1623 431 1687 Herc
460 1623 529 1688 001.
549 1627 626 1690 8661
649 1621 727 1686 10110
743 1643 808 1686 una
822 1641 909 1686 mors
932 1629 980 1686 001
1003 1659 1043 1668 -
1066 1621 1162 1687 levis?
1184 1631 1219 1686 at
1239 1622 1369 1687 extendi
1391 1628 1498 1704 petest

261 1746 446 1808 expressum
467 1747 534 1790 esse
556 1726 635 1788 dicit
657 1747 696 1788 ex

346 1828 423 1891 (led.
448 1833 510 1893 948
532 1829 619 1910 quod
642 1847 736 1908 saepe
758 1825 827 1888 fieri
848 1846 909 1888 nen
934 1831 1048 1908 potest,
1070 1827 1128 1890 fiat
1150 1827 1216 1904 diu,

200 2001 208 2014 ⁰
261 1931 299 1992 do
323 1930 426 1994 altera
447 1951 557 1996 versus
577 1937 669 2012 parte
691 1928 821 1993 concedi
843 1933 963 2009 petest,
985 1949 1181 2010 quamquam
1203 1931 1281 1994 satis
1303 1929 1470 1996 commode
1494 1926 1591 1992 verba
1612 1929 1735 1993 variata
1756 1948 1824 1993 0000
1847 1946 1941 1993 nemo
1964 1929 2103 2012 negabit

259 2032 371 2096 Altera
392 2053 470 2098 vero
491 2053 566 2115 pars
589 2053 628 2096 ex
651 2031 786 2095 Horatio
808 2037 936 2112 sumpta
959 2037 1016 2122 est,
1040 2030 1078 2094 01.
1102 2032 1153 2095 od.
1175 2031 1231 2108 111,
1255 2035 1305 2108 91,
1328 2036 1383 2098 37:
1403 2031 1482 2098 levis
1502 2051 1568 2096 uua
1589 2050 1676 2096 mors
1698 2039 1756 2096 est.

413 2135 514 2200 Porro
537 2135 721 2199 Deianiram
741 2134 784 2197 ad
807 2131 927 2196 ferrum
950 2132 998 2198 bis
1021 2132 1158 2198 electum
1181 2134 1294 2215 bisque
1317 2134 1534 2217 improbatum
1554 2131 1596 2196 ad
1615 2140 1795 2198 extremum
1818 2133 1861 2216 (1.
1874 2133 1954 2218 868)
1974 2134 2104 2210 1010111,

260 2259 322 2300 non
351 2245 414 2315 est,
443 2237 530 2318 qued
557 2237 643 2318 apud
672 2237 823 2302 Senecam
850 2237 1012 2301 miremur.
1057 2235 1140 2301 Nam
1162 2235 1241 2321 Thy.
1265 2241 1327 2302 316
1349 2237 1468 2302 Atreus
1488 2235 1607 2300 liberos
1628 2235 1818 2301 insidiarum
1840 2244 1957 2318 patrue
1980 2243 2106 2301 struen-

260 2341 376 2404 darum
399 2339 543 2404 conscios
565 2339 669 2402 facere
692 2339 867 2410 coustituit,
892 2335 1414 2416 101000110000001110101.391,
1438 2340 1554 2402 iterum
1577 2341 1810 2420 0001139400,
1832 2339 1970 2420 denique
1986 2340 2104 2403 iterum

259 2449 388 2506 revocat
409 2443 472 2507 330
492 2463 539 2524 sq.
584 2440 631 2504 De
659 2461 733 2504 ense
761 2447 870 2504 autem
893 2438 1053 2516 Herculis,
1086 2461 1181 2520 quem
1210 2439 1302 2504 Herc.
1325 2439 1394 2505 Oet.
1419 2443 1535 2522 8691711
1564 2440 1640 2523 fingi
1669 2441 1733 2504 Leo
1766 2441 1896 2523 indigne
1930 2440 2006 2518 fert,
2040 2463 2103 2504 non

260 2551 386 2608 tantum
401 2543 463 2608 hec
478 2543 557 2618 leco,
580 2542 637 2608 sed
660 2540 1046 2607 011001Ηο10.101.1999
1069 2544 1265 2607 mentionem
1285 2542 1356 2607 fieri
1376 2564 1477 2626 supra
1497 2543 1647 2608 diximus.
1691 2541 1766 2627 Nee,
1790 2542 1851 2606 hoc
1874 2545 1900 2608 ai
1924 2563 1988 2607 nou
2010 2551 2102 2619 esset,

260 2648 429 2712 dedeceret
457 2646 612 2711 Senecam
642 2644 760 2726 Vergili
790 2643 909 2721 locum,
944 2666 1040 2726 quem
1062 2643 1126 2708 Leo
1149 2644 1292 2708 laudavit
1312 2645 1407 2728 (Aen.
1431 2652 1465 2728 4,
1490 2649 1581 2730 494),
1604 2647 1764 2710 imitatum
1785 2665 1863 2711 esse.
1891 2683 1925 2692 -
1948 2644 1987 2709 In
2009 2645 2103 2712 Herc.

260 2745 873 2830 0019290000010101100011[00.
920 2747 983 2812 Sed
1006 2749 1192 2812 coniectura
1212 2748 1392 2812 sanandum
1413 2768 1481 2813 esse
1504 2769 1626 2812 conseo.
1672 2747 1756 2824 Quid
1778 2749 1873 2825 euim,
1896 2750 1922 2813 si
1944 2736 2117 2831 legamus(

346 2851 438 2916 Herc.
467 2851 536 2916 Oet.
569 2853 646 2915 naar
669 2849 789 2914 frustra
808 2855 938 2912 tenetur
958 2848 1020 2926 ille,
1043 2852 1098 2930 qui
1121 2850 1239 2914 statuit
1257 2851 1348 2914 meri.

566 2957 642 3018 324:
667 2954 746 3018 vixit
767 2951 845 3016 satis
867 2951 1060 3033 quicumque
1082 2973 1155 3015 cum
1176 2951 1289 3016 Alcide
1310 2953 1437 3017 cecidit.

567 3059 643 3122 923:
666 3054 800 3138 preinde
822 3053 927 3118 lucem
947 3051 1056 3136 fugere
1078 3055 1244 3118 decretum
1267 3061 1316 3118 est
1337 3055 1425 3122 milri.

413 3157 463 3222 Ita
484 3159 569 3221 enim
592 3157 729 3222 ordinati
752 3175 861 3220 versus
882 3155 1055 3221 offensione
1078 3163 1201 3218 vacent.
1246 3156 1310 3221 Sed
1332 3159 1443 3240 siquis
1460 3156 1694 3239 meliuspotest
1715 3155 1867 3237 proferre,
1891 3155 2042 3238 proferat.
2063 3195 2101 3204 -

259 3260 343 3324 Item
366 3256 464 3323 Leoni
487 3259 691 3324 concedimus
714 3260 745 3320 iu
767 3257 861 3322 Herc.
877 3258 946 3323 Oet.
974 3263 1068 3323 rata:
1113 3260 1225 3322 durior
1243 3279 1322 3324 saxo
1342 3258 1475 3324 horrido

751 3368 784 3422 et
806 3359 940 3444 chalybe
963 3359 1067 3425 voltus
1090 3369 1123 3424 et
1141 3383 1223 3444 vaga
1245 3361 1457 3446 Symplegade

751 3463 851 3526 rictus
875 3483 961 3528 meos
984 3461 1112 3546 infregit
1135 3473 1168 3528 et
1192 3464 1358 3528 lacrimam
1378 3463 1503 3545 expulit

259 3565 407 3644 putidum
420 3585 548 3630 sensum
563 3566 674 3628 inesse.
705 3563 768 3628 Sed
782 3563 857 3628 huic
869 3585 996 3647 quoque
1013 3565 1083 3629 loco
1099 3565 1183 3630 facili
1199 3567 1383 3630 coniectura
1399 3565 1559 3629 subveniri
1575 3585 1666 3647 posse
1682 3576 1769 3648 puto.
1803 3563 1987 3630 Scribamus
2002 3566 2101 3628 enim:

985 3668 1119 3732 durius
1142 3688 1220 3732 sexo
1243 3667 1375 3733 horrido

810 3774 843 3832 01
866 3767 999 3852 chalybe
1021 3770 1156 3835 volnus
1179 3778 1212 3834 et
1234 3792 1315 3853 vaga
1336 3769 1550 3854 Symplegade

803 3871 903 3933 rictus
925 3892 1011 3936 meos
1035 3873 1162 3956 infregit
1185 3881 1218 3937 et
1240 3873 1407 3937 lacrimam
1427 3871 1559 3954 expulit.

410 3971 571 4051 „Volnus“
595 3972 636 4035 de
658 3971 782 4046 morbo,
809 3992 873 4052 quo
896 3969 1050 4038 Hercules
1071 3978 1272 4040 consumitur
1293 3997 1367 4039 cum
1389 3995 1491 4056 perse
1514 3974 1605 4038 facile
1629 3975 1692 4038 dici
1714 3993 1806 4057 posse
1817 3974 2016 4058 intellegitur
2034 3983 2102 4039 tum

258 4095 355 4156 supra
375 4075 494 4139 dicitur
516 4073 557 4156 (v.
582 4073 1013 4158 1050).-10Ηο10.001
1041 4080 1120 4142 1302>
1143 4101 1190 4160 sq.
1215 4080 1310 4142 nimia
1331 4080 1500 4143 severitate
1524 4077 1588 4141 Leo
1611 4097 1687 4140 usus
1708 4086 1764 4141 est.
1809 4075 1939 4142 Erravit
1960 4079 2044 4142 enim
2068 4080 2099 4140 in

257 4196 308 4252 co,
330 4177 417 4258 quod
440 4177 696 4242 subaudiendum
712 4197 779 4240 esse
794 4179 930 4240 censuit:
952 4181 1034 4254 „iam
1049 4183 1183 4260 cognovi
1197 4189 1229 4244 te
1245 4202 1356 4244 verum
1369 4188 1496 4264 patrem
1511 4201 1574 4244 nou
1589 4186 1687 4243 eese“.
1724 4179 1810 4244 Dicit
1824 4188 1932 4244 autem
1947 4177 2103 4245 Hercules

256 4279 349 4343 haec:
372 4278 467 4343 Caelo
490 4281 630 4362 peperci,
653 4282 727 4363 quia
749 4278 862 4343 Jovem
884 4287 1009 4362 patrem
1031 4284 1149 4363 putari.
1195 4281 1285 4346 Nunc
1307 4291 1431 4367 patrem
1442 4284 1555 4370 decet,
1577 4285 1603 4347 01
1626 4281 1766 4346 crudelis
1788 4292 1848 4360 est,
1877 4283 2101 4347 crudelitatem

255 4381 384 4464 explere
407 4381 472 4446 filio
492 4404 553 4446 non
578 4383 682 4446 solum
702 4381 834 4459 efflicte,
858 4383 913 4445 sed
939 4389 1064 4460 rrccato;
1086 4385 1110 4447 01
1127 4385 1322 4469 misericors,
1345 4386 1561 4451 misericordia
1581 4393 1703 4448 motum
1719 4382 1817 4448 finem
1832 4383 1936 4448 facere
1954 4384 2102 4450 dolorum

255 4491 365 4547 morte.
398 4483 499 4546 —De
522 4482 614 4546 Herc.
639 4483 706 4548 Oet.
734 4488 813 4550 1473
835 4505 872 4565 sq
904 4506 1001 4567 supra
1025 4487 1257 4569 disputavimus
1277 4494 1321 4570 (p.
1349 4491 1386 4552 19
1409 4491 1481 4572 sip).
1504 4525 1548 4534 -
1570 4488 1620 4551 ad
1639 4495 1818 4552 extremum
1840 4486 1905 4550 Leo
1921 4485 2014 4550 11010.
2031 4486 2101 4552 Oet.

258 4588 339 4650 1595
362 4605 409 4668 sq.
431 4587 636 4668 impugnavit.
681 4585 853 4664 „Mundum
878 4589 993 4668 iuquit,
1017 4590 1137 4653 senuit:
1162 4590 1235 4653 iude
1258 4591 1457 4655 coniecturas
1476 4591 1563 4672 capit
1585 4589 2102 4672 011010ος010100010010000011

255 4708 364 4752 manes
388 4687 549 4771 trepidare
572 4687 773 4769 Cerberoque
797 4689 981 4770 aufugiente
1004 4691 1179 4755 tumultum
1201 4694 1331 4768 exoriri,
1359 4692 1519 4774 fragorem
1542 4695 1605 4756 ime
1631 4693 1670 4754 de
1697 4691 1797 4754 fundo
1824 4691 1952 4756 audisse
1977 4691 2101 4756 1101101.ιι

255 4787 323 4854 Ηο0
346 4792 412 4853 1010
436 4788 644 4854 contenderet
666 4790 714 4852 111
736 4791 863 4868 dectus,
887 4795 912 4854 si
936 4794 1114 4869 „mundus“
1135 4803 1263 4858 10010111
1285 4803 1369 4858 00001
1390 4796 1571 4876 ,‚caelum“;
1597 4794 1653 4858 sed
1676 4801 1725 4857 est
1751 4815 1878 4870 „rerum
1901 4796 2101 4869 universitas,

255 4891 392 4966 caelum,
415 4913 516 4968 mare,
539 4897 655 4956 terra“.
700 4891 787 4969 Quae
811 4914 883 4957 eum
906 4895 1000 4958 simul
1023 4903 1165 4977 strepere
1183 4896 1360 4974 videantur,
1384 4907 1421 4961 ut
1443 4898 1529 4962 uude
1543 4897 1744 4980 potissimum
1759 4917 1855 4961 senus
1870 4896 2099 4979 proficiscatur,

254 4993 408 5073 distingui
433 5013 494 5057 nou
518 4997 631 5076 possit,
655 4997 759 5058 varias
783 4994 853 5059 illas
873 4997 991 5062 chorus
1014 5001 1100 5080 capit
1121 5000 1331 5062 coniecturas.

409 5093 455 5158 De
480 5099 612 5161 metrica
634 5105 704 5162 arte
728 5099 759 5161 iu
782 5098 920 5162 Hercule
943 5099 1063 5164 Oetaeo
1086 5102 1254 5183 perspicua
1277 5122 1340 5166 nou
1364 5101 1482 5177 habeo,
1510 5103 1598 5184 quod
1626 5103 1738 5166 dicam.
1783 5103 1819 5166 ln
1847 5104 1988 5166 metricis
2015 5103 2100 5165 euim

254 5197 349 5360 {ybus
371 5196 542 5261 Herculem
558 5199 711 5264 Oetaeum
733 5221 805 5264 eum
828 5200 959 5282 reliquis
981 5201 1098 5266 fabulis
1119 5203 1213 5286 plane
1228 5206 1407 5270 consentire
1424 5227 1533 5269 omues
1554 5211 1788 5281 concesserunt,
1805 5204 1879 5286 leo,
1896 5203 2099 5280 Schmidtius,

288 5299 396 5378 ueller,
420 5299 552 5364 Richter
574 5300 608 5383 (l.
632 5301 677 5384 1.).
