4717 5734
1197 343 1255 434 ra·

291 577 450 642 353-57.
484 575 691 660 363—77).*)
735 574 858 638 Eadem
880 574 967 656 apud
986 574 1139 640 Senecam
1161 575 1295 642 chorum
1318 597 1358 640 ex
1380 583 1474 658 parte
1500 577 1632 658 expulit.
1688 578 1904 660 Quaecunque
1938 579 2023 640 enim
2049 577 2137 659 apud

293 675 484 759 Sophoclem
507 697 580 740 cum
601 675 698 742 choro
724 679 792 760 agit
814 677 975 753 Deianira,
998 697 1037 741 ea
1058 677 1089 742 in
1115 678 1238 744 Seneca
1260 680 1328 762 agit
1349 699 1422 742 cum
1445 679 1579 743 nutrice.
1624 676 1705 742 Cum
1726 679 1789 744 bac
1816 681 1914 763 igitur
1940 678 2137 761 colloquitur

290 779 370 857 sola,
394 801 467 844 curn
486 779 548 843 hac
570 777 610 842 de
634 797 751 844 arcano
774 779 829 844 illo
852 780 1010 844 amatorio
1034 784 1263 863 communicat,
1283 782 1324 846 ab
1348 783 1409 846 hac
1428 780 1526 846 fidem
1547 788 1580 845 et
1598 783 1854 847 taciturnitatem
1877 783 1974 866 petit:
1999 779 2134 845 chorum

290 885 419 946 omnino
439 902 501 946 non
518 881 648 964 respicit
663 902 767 963 neque
782 881 972 964 alloquitur,
996 884 1056 948 uisi
1073 884 1160 965 quod
1176 884 1343 950 discedens
1362 903 1477 948 canere
1488 903 1562 948 eum
1576 883 1667 948 iubet
1677 886 1754 968 (581
1769 885 1843 969 sq).
1886 883 2136 964 Praeparandae

291 985 436 1049 funestae
458 983 543 1048 illius
564 981 670 1066 pallae
703 1003 814 1047 curam
837 983 922 1067 apud
951 983 1140 1068 Sophoclem
1169 986 1322 1051 Deianira
1347 987 1416 1069 ipsa
1443 987 1590 1070 suscipit,
1626 1008 1700 1050 cum
1727 989 1887 1051 neminem
1913 985 2021 1051 adhuc
2040 985 2136 1050 huius

293 1087 403 1150 arcani
436 1086 598 1151 conscium
625 1106 646 1148 a·
670 1083 769 1151 Nesso
801 1093 967 1170 acceptum
1001 1086 1124 1166 fecerit,
1157 1096 1256 1171 atque
1293 1091 1339 1152 ita
1365 1095 1415 1152 est
1440 1109 1542 1172 gnara
1569 1089 1710 1153 omnium
1738 1090 1845 1172 regiae
1870 1097 1905 1154 et
1930 1088 2076 1154 loc'orum
2103 1095 2136 1151 et

290 1197 499 1266 secretorum.
523 1196 572 1264 ut,
594 1188 681 1270 quod
706 1191 737 1252 in
761 1197 883 1254 remoto
898 1191 1005 1271 regiae
1020 1191 1104 1254 sedis
1120 1189 1190 1256 loco
1206 1193 1248 1271 (r.
1265 1191 1345 1276 485)
1360 1190 1461 1255 latere
1477 1193 1561 1255 dixit
1576 1191 1742 1268 Deianira,
1766 1211 1925 1258 venenum
1941 1190 2135 1255 brevissimis

290 1291 394 1356 verbis
417 1291 504 1355 iussa
526 1291 681 1354 odoretur
702 1299 735 1356 at
757 1292 902 1374 indaget:
925 1300 994 1356 tum
1016 1293 1048 1356 in
1069 1313 1165 1356 scena
1188 1292 1285 1358 illinit
1306 1301 1427 1358 vestem
1447 1314 1500 1371 ac,
1528 1315 1568 1358 ne
1597 1294 1668 1376 ipsa
1698 1294 1808 1358 deesse
1841 1293 2003 1370 rideatur,
2024 1313 2136 1375 preces

289 1393 383 1456 addit
403 1391 446 1476 (r.
467 1393 582 1472 56516).
627 1391 699 1468 Qua
720 1395 751 1456 in
775 1393 987 1471 describenda
1008 1415 1207 1477 quamquam
1221 1415 1285 1459 non
1303 1394 1383 1461 nibil
1398 1397 1503 1479 imago
1518 1397 1694 1474 nutricum,
1718 1396 1831 1478 quales
1844 1395 1938 1461 finxit
1953 1396 2132 1479 Euripides

290 1494 428 1559 ualuisse
450 1495 589 1572 ridetur,
610 1502 717 1559 tamen
741 1495 833 1560 facile
857 1498 1060 1578 agnoscimus
1079 1499 1262 1563 notissimos
1284 1496 1357 1564 illos
1377 1496 1525 1577 libertos,
1553 1519 1651 1582 penes
1670 1518 1752 1580 quos
1775 1496 1913 1564 Senecae
1935 1497 2135 1581 temporibus

289 1619 415 1662 summa
438 1599 483 1660 rei
505 1597 651 1679 publicae
673 1597 806 1682 erat.**)

446 1697 529 1783 Hylli
552 1719 658 1764 mores
680 1700 783 1781 primo
808 1700 939 1780 quidem
971 1699 1087 1765 obtutu
1115 1721 1248 1783 prorsus
1274 1703 1388 1767 inversi
1416 1723 1485 1767 esse
1515 1705 1671 1769 ridentur.
1716 1704 1856 1770 Accusat
1884 1706 1968 1768 euim
1996 1708 2135 1766 matrem

289 1801 376 1882 apud
399 1799 603 1883 Sophoclem,
626 1802 714 1883 apud
737 1801 889 1866 Senecam
912 1802 1065 1867 defendit.
1109 1802 1174 1867 Sed
1197 1805 1224 1868 si
1246 1807 1428 1868 accuratius
1450 1825 1517 1868 rem
1540 1807 1728 1888 inspexeris,
1752 1807 1842 1893 llylli
1857 1804 1998 1870 indolem
2014 1803 2136 1871 Seneca

290 1924 352 1967 nou
375 1905 524 1980 mutarit,
548 1925 658 1968 rerum
680 1905 871 1984 comperisse
898 1925 970 1968 eum
997 1905 1103 1980 fiuxit,
1132 1912 1306 1987 antequam
1334 1907 1367 1970 in
1394 1927 1523 1972 scenam
1548 1909 1751 1992 procederet,
1781 1930 1844 1974 non
1869 1907 1988 1973 scelere
2014 1906 2132 1982 matris

290 2004 346 2067 scd
367 2003 481 2070 fraude
503 2005 595 2071 Nessi
615 2009 720 2071 iacere
744 2005 949 2091 pat1·em.***)

374 2105 457 2190 Lege
483 2129 511 2170 v.
540 2110 615 2173 885:
650 2107 731 2172 haut
764 2115 813 2172 est
846 2129 977 2186 nocens,
1009 2111 1192 2192 quicunque
1225 2132 1288 2176 non
1322 2121 1436 2195 sponte
1467 2119 1517 2177 est
1546 2133 1672 2178 nocens.
1739 2144 1757 2171 a

651 2211 769 2274 erroris
792 2218 841 2274 est
865 2210 917 2275 hic
941 2232 1044 2292 omne,
1067 2213 1283 2294 quodcunque
1303 2221 1353 2278 est
1372 2214 1428 2280 nei
1463 2263 1470 2278 .

539 2315 613 2379 900:
649 2313 759 2380 Multis
781 2316 914 2378 remissa
935 2320 985 2378 est
1006 2315 1084 2391 vita,
1105 2334 1244 2396 quorum
1266 2337 1357 2382 error
1379 2337 1510 2393 nocens,
1534 2337 1597 2380 non
1611 2317 1728 2380 dextra
1749 2316 1861 2381 fuerat

444 2412 583 2478 Obstaut
605 2412 679 2479 huic
702 2417 842 2499 opinioni
864 2416 979 2480 ultima
999 2414 1087 2500 Hylli
1101 2416 1220 2482 uerba:

461 2537 488 2578 v.
512 2518 608 2581 1027:
731 2521 756 2582 si
779 2520 860 2582 mori
884 2525 1020 2582 matrem
1043 2526 1144 2596 retas,
1168 2521 1255 2601 patri
1276 2539 1310 2584 es
1329 2519 1491 2583 scelestus.

443 2617 491 2680 De
513 2617 631 2699 quihus
652 2619 690 2683 cf.
714 2641 813 2704 supra
833 2643 863 2704 p.
886 2625 915 2685 7.

444 2721 538 2802 Apud
561 2720 750 2803 Sophoclem
772 2721 888 2807 Hyllus
910 2730 1047 2788 matrem
1069 2744 1090 2787 a
1111 2722 1212 2789 Nosse
1235 2724 1403 2806 deceptam
1430 2744 1498 2788 esse
1526 2731 1599 2806 post
1620 2725 1792 2791 Deianirae
1809 2733 1947 2790 mortem
1967 2728 2133 2809 comperit.

290 2823 336 2886 Ae
361 2820 475 2885 melius
505 2822 633 2887 uidetur
659 2845 727 2889 esse
760 2833 920 2889 secretum
947 2826 1095 2890 dominae
1118 2847 1138 2890 a
1160 2826 1259 2890 choro
1292 2834 1362 2891 tum
1389 2826 1519 2890 demum
1546 2830 1717 2893 enuntiari.
1767 2829 1877 2893 Potuit
1905 2837 2015 2894 tamen
2042 2829 2134 2894 facile

290 2923 373 3000 fieri,
397 2930 434 2987 ut
456 2922 557 2989 multo
578 2933 654 2989 ante
675 2925 790 3010 Hyllus
810 2947 919 2991 reram
940 2949 1009 2992 rem
1030 2935 1245 3010 cognosceret.
1290 2928 1383 3005 Quod
1405 2947 1464 2992 cur
1489 2928 1537 2992 ita
1556 2928 1687 2994 finxerit
1708 2931 1857 2996 Herculis
1877 2930 1989 2996 Oetaei
2011 2939 2133 3015 auctor,

289 3027 443 3108 suspicari
472 3045 649 3107 possumus.
700 3028 759 3092 Est
785 3032 869 3092 enim
896 3028 976 3094 haec
1001 3050 1130 3112 quoquc
1156 3051 1252 3094 scena
1277 3029 1530 3095 luculentissimo
1558 3031 1718 3115 exemplo,
1746 3053 1811 3115 quo
1838 3032 2004 3098 deferatur
2028 3041 2134 3118 poeta,

288 3129 314 3192 si
338 3128 432 3192 nimis
453 3127 566 3192 audiat
581 3127 751 3194 rhetorem.
798 3132 972 3196 Rhetorem
986 3135 1071 3198 enim
1088 3132 1183 3216 fugit,
1206 3138 1328 3214 quanto
1344 3132 1416 3215 plus
1430 3153 1525 3216 saepe
1543 3132 1701 3201 efficiatur
1716 3136 1839 3200 silendo
1855 3157 1954 3218 quam
1972 3136 2134 3218 loquendo

288 3249 326 3292 ac
349 3233 470 3310 quanto
492 3229 607 3294 lortius
629 3241 756 3296 moreat
778 3235 901 3298 animoa
922 3243 1013 3299 muta
1035 3235 1079 3299 ad
1100 3241 1238 3300 mortem
1257 3233 1462 3317 proficiscens
1485 3234 1663 3318 Sophoclea
1684 3237 1836 3302 Deianira
1860 3260 1958 3320 quam
1980 3240 2134 3322 eloquens

289 3332 473 3396 Annaeana.
518 3331 644 3396 Placuit
665 3336 764 3417 igitur
785 3357 914 3400 acerram
942 3358 1146 3420 componere,
1175 3339 1208 3400 in
1235 3357 1301 3419 qna
1327 3339 1517 3419 gratissimis
1539 3338 1600 3403 sibi
1628 3338 1771 3406 artificiis
1798 3342 1846 3404 uti
1872 3348 1994 3423 posset:
2024 3343 2135 3406 mortis

290 3436 375 3498 enim
399 3435 507 3497 omnia
527 3453 644 3516 genera
668 3445 895 3502 enumerantur
918 3439 971 3519 (ef.
992 3439 1111 3504 Phoen.
1137 3444 1195 3505 147
1217 3460 1264 3521 sq.
1288 3439 1366 3504 Oed.
1388 3443 1468 3506 1031
1494 3440 1572 3525 sq.);
1603 3441 1791 3507 altercando
1812 3444 1901 3507 locus
1917 3443 2016 3506 datur
2030 3452 2134 3508 matre

289 3545 322 3600 et
342 3535 408 3600 filio
429 3555 488 3618 pro
504 3538 589 3600 necis
606 3536 770 3604 voluntate
786 3548 819 3605 et
833 3550 948 3606 contra
962 3563 1033 3606 eam
1048 3542 1290 3624 disputantibus
1302 3543 1349 3626 (iu
1366 3541 1456 3607 nulla
1467 3541 1585 3606 harum
1596 3546 1837 3627 tragoediarum
1852 3544 2135 3622 deestaltercati03

290 3641 314 3701 si
340 3647 447 3703 autem
471 3645 697 3719 argumentum
718 3643 849 3724 respicis
871 3651 904 3706 et
925 3651 1057 3725 agentes
1077 3664 1244 3725 personas,
1266 3644 1429 3708 simillima
1448 3643 1524 3710 huic
1551 3667 1590 3710 ea
1622 3654 1685 3724 est,
1718 3669 1814 3729 quam
1848 3646 2004 3711 Hercules
2036 3647 2135 3711 habet

290 3762 362 3805 curn
386 3738 635 3821 Amphitruone,
670 3743 763 3807 Herc.
797 3744 856 3812 fur.
885 3749 965 3812 1202
988 3745 1066 3831 sq.);
1105 3745 1281 3810 inferorum
1308 3755 1341 3810 et
1367 3747 1524 3811 furiarum
1551 3749 1724 3814 simulacra
1752 3751 1943 3814 emittuntur
1974 3750 2027 3832 (cl.
2057 3749 2134 3813 Oed.

291 3846 351 3910 548
373 3863 419 3924 sq.
442 3843 500 3924 hg.
524 3847 586 3909 759
609 3864 655 3926 sq.
677 3844 756 3928 Thy.
782 3847 886 3932 laq).
932 3845 1020 3923 Quae
1043 3867 1139 3912 scena
1161 3857 1198 3911 ut
1220 3848 1288 3913 fieri
1312 3855 1431 3931 posset,
1455 3849 1545 3928 illud,
1568 3853 1656 3932 quod
1673 3852 1934 3934 supradiximus,
1950 3852 2134 3932 ponendum

444 4099 470 4162 *1
493 4100 523 4152 ln
546 4101 735 4156 enumerandis
762 4101 897 4170 prioribus
924 4103 1050 4158 Herculis
1074 4105 1210 4158 amoribus
1229 4103 1333 4158 Seneca
1350 4109 1414 4159 ante
1444 4105 1535 4159 oculos
1557 4106 1654 4160 babuit
1681 4107 1806 4161 Ovidium
1830 4107 1897 4172 (her.
1921 4106 1971 4173 lX,
1996 4112 2134 4166 sr-rral.

289 4185 332 4238 Ab
350 4189 463 4252 utroque
480 4184 551 4238 euim
570 4191 651 4253 poeta
670 4192 913 4242 commemorantur
930 4191 1008 4257 Auge
1031 4190 1098 4256 (her.
1117 4195 1141 4254 9,
1160 4195 1201 4244 49.
1220 4188 1301 4243 Herc.
1320 4189 1379 4244 Oet.
1400 4192 1512 4255 366-9)
1537 4195 1566 4245 et
1584 4191 1751 4260 Thespiades
1776 4194 1843 4259 (her.
1864 4197 1890 4258 9,
1910 4197 1951 4247 50.
1974 4192 2054 4247 Herc.
2074 4193 2134 4247 Oet.

290 4269 397 4334 369l70)
416 4273 444 4321 et
467 4267 589 4336 pluribus
612 4271 701 4324 verbis
728 4273 860 4340 Omphale
886 4273 954 4340 (her.
984 4280 1008 4333 9,
1026 4279 1154 4329 53-118.
1187 4273 1268 4327 Herc.
1291 4273 1350 4328 Oet.
1375 4278 1512 4342 all-tt).
1549 4276 1624 4343 Quae
1652 4294 1695 4331 res
1720 4277 1792 4346 fugit
1819 4277 1897 4334 Rich.
1925 4277 2037 4334 Grimm.
2068 4279 2133 4342 (1.1.

290 4355 457 4422 1119411).

445 4439 484 4490 **i
504 4439 636 4506 Quoniam
654 4441 687 4496 de
706 4442 873 4510 temporibus
892 4443 990 4498 incidit
1007 4444 1121 4511 mentio,
1141 4460 1225 4497 unum
1241 4444 1326 4499 liceat
1345 4445 1454 4502 addere.
1489 4446 1608 4515 Lugenti
1626 4446 1713 4501 enim:

359 4541 380 4578 u.
395 4531 469 4579 100⁰:
482 4531 576 4592 „patet
589 4541 652 4580 ecce
662 4527 771 4594 plenum
781 4533 876 4595 pectus
888 4529 1038 4584 aerumnis:
1051 4527 1128 4594 ieri“,
1143 4545 1258 4598 quocum
1268 4529 1392 4584 conferas
1401 4549 1424 4585 v.
1435 4533 1528 4592 992l3:
1539 4533 1612 4599 „sire
1621 4538 1774 4588 maternum
1784 4533 1854 4588 libet
1863 4534 1990 4588 invadere
2000 4538 2134 4597 uterum“,

291 4609 371 4664 facile
392 4609 420 4662 in
443 4615 562 4664 mentem
581 4610 686 4665 venerit
707 4612 758 4666 loci
783 4612 889 4668 Tacitei
907 4617 982 4678 (ann.
1005 4619 1044 4678 14,
1067 4618 1081 4668 8
1100 4615 1196 4677 extr.):
1215 4615 1316 4667 iamin
1335 4621 1450 4671 mortem
1469 4618 1622 4672 centurioni
1640 4618 1741 4674 ferrum
1760 4619 1941 4687 destringenti
1958 4619 2134 4687 (Agrippina)

290 4695 454 4762 protendens
476 4699 582 4749 uterum
606 4701 735 4760 ,renuam
749 4696 809 4750 feri*
824 4698 992 4754 exclamarit.
1038 4698 1149 4753 Arridet
1172 4699 1245 4752 enim
1260 4699 1410 4756 similitudo
1424 4702 1544 4756 locorum
1559 4708 1588 4758 et
1600 4703 1630 4757 in
1640 4710 1702 4759 acta
1711 4720 1741 4758 re
1751 4710 1779 4758 et
1797 4704 1826 4756 in
1848 4702 1993 4770 agentibus
2011 4706 2135 4771 personis

291 4783 363 4845 (nam
387 4780 508 4833 centurio
533 4779 579 4834 ille
597 4781 695 4835 missus
717 4787 777 4836 erat
801 4799 817 4836 a
840 4783 948 4838 Nerone
965 4783 1032 4842 filici
1056 4784 1130 4838 etin
1149 4785 1238 4838 verbis
1256 4785 1324 4854 ipsis
1347 4788 1500 4855 conspicua.
1535 4787 1594 4842 Hoc
1617 4789 1639 4842 si
1659 4791 1801 4858 probatur,
1830 4787 1912 4841 facile
1938 4791 1981 4840 est
2002 4789 2134 4856 suspicari

290 4863 338 4917 illa
363 4865 527 4920 scribentem
554 4867 705 4936 respexisse
732 4869 862 4922 Senecam
895 4870 978 4923 rerba
1008 4870 1148 4924 morientis
1181 4872 1350 4939 Agrippinae
1376 4889 1484 4928 rumore
1518 4879 1576 4926 tum
1602 4874 1770 4928 circumlata.
1820 4872 1897 4926 Unde
1931 4872 2079 4934 efficiatur,
2105 4878 2135 4926 ut

290 4949 436 5004 Herculem
454 4950 586 5006 Oetaeum
604 4955 665 5020 post
685 4967 786 5006 annum
804 4959 837 5009 59
855 4954 985 5023 scriptam
1013 4971 1072 5009 asae
1089 4959 1223 5023 putemus.
1259 4957 1437 5012 Memorabile
1454 4958 1573 5024 ridetur,
1602 4974 1683 5027 quam
1706 4965 1786 5012 caute
1811 4973 1869 5012 rem
1897 4957 2000 5014 Seneca
2025 4959 2132 5021 texerit,

291 5040 322 5088 ut
340 5035 450 5104 coargui
468 5052 522 5089 non
542 5044 645 5104 posset,
664 5037 870 5106 intellegeretur
888 5055 904 5094 a
921 5040 1045 5094 consciis.

445 5119 502 5180 ‘'*l
523 5121 670 5190 Perperam
683 5121 816 5177 Ricardus
835 5123 939 5178 Grimm
950 5126 976 5190 ul.
987 5125 1004 5178 1
1014 5143 1040 5194 p.
1056 5129 1110 5190 33):
1131 5125 1252 5193 Voreilig
1263 5125 1377 5193 beginnt
1389 5127 1485 5196 Hyllus
1498 5127 1527 5180 in
1540 5129 1589 5182 der
1601 5126 1767 5192 romiscben,
1787 5127 1836 5182 nie
1845 5127 1875 5182 in
1884 5130 1932 5183 der
1945 5126 2134 5196 griechischen

291 5205 426 5273 Tragddis
453 5206 503 5258 mit
531 5206 607 5260 einer
633 5206 854 5278 Verudnschung
876 5211 924 5262 der
951 5209 1055 5264 Mutter
1080 5209 1170 5276 (Herc.
1194 5211 1254 5265 Oet.
1278 5217 1327 5266 743
1346 5211 1390 5280 fig.
1415 5229 1439 5266 u.
1463 5212 1560 5267 Tracb.
1584 5217 1633 5267 734
1655 5211 1719 5280 ffgl.
1755 5211 1794 5266 Ut
1815 5213 1916 5282 fugiat,
1945 5212 2053 5278 suadet,
2081 5228 2133 5266 non

292 5297 449 5345 exsecratur
467 5295 581 5345 matrem
601 5291 703 5362 Hyllus.
