4717 5734
1088 433 1111 438 ,
1142 346 1207 437 ..26
1261 433 1274 436 ,

270 577 321 643 hio
346 567 474 662 Hyllus,
496 589 627 659 quoquo
652 566 692 642 se'
707 583 823 654 vertat,
846 577 949 642 scelus
974 599 1007 642 se
1036 599 1128 662 posse
1155 579 1294 661 effugere
1322 586 1436 660 negat:
1464 577 1520 643 illa
1543 579 1628 643 enim
1651 580 1781 659 utrique
1802 575 1884 656 filio,
1908 576 1960 642 hic
1983 579 2112 661 utrique
2220 627 2225 634 .

271 681 398 762 parenti
420 678 514 744 simul
536 679 690 762 pietatem
710 699 837 744 servare
859 682 979 762 nequit.
1024 681 1173 748 Rhetoris
1196 680 1376 760 haeresse,
1400 702 1463 745 non
1487 687 1544 758 est,
1567 680 1654 762 quod
1676 680 1790 755 dicam,
1824 687 1921 761 atque
1943 678 2005 743 hae
2038 689 2115 744 sunt

273 782 348 847 illae
379 781 619 858 similitudines,
653 782 768 863 quibus
800 783 894 846 unius
917 783 1123 865 eiusdemque
1149 785 1314 866 scriptoris
1340 779 1480 848 indolem
1501 792 1534 846 et
1555 782 1718 863 ingenium
1740 799 1921 863 cognoscas.
1937 819 1979 828 -
1993 780 2055 846 Sed
2078 790 2115 844 ut

270 883 367 948 finem
388 883 542 949 faciamus
564 883 659 948 huius
681 883 751 958 loci,
774 882 911 948 Phaedr.
933 887 1059 950 951-3
1083 885 1224 949 Theseus
1245 892 1318 950 voto
1341 906 1361 949 a
1380 883 1530 968 Neptuno
1560 882 1621 948 sibi
1644 903 1793 949 concesso
1816 885 1913 948 etiam
1937 886 2021 948 inter
2039 904 2115 966 pro·

271 986 372 1050 funda
397 985 536 1050 Tartara
568 1007 600 1050 se
632 986 810 1069 pepercisse
844 986 937 1050 dicit:
967 987 1007 1050 de
1037 993 1134 1070 pacta
1166 989 1265 1071 igitur
1297 987 1362 1052 fide
1392 990 1507 1070 agitur.
1553 986 1645 1052 Herc.
1673 984 1742 1051 Oet.
1771 989 1853 1052 1293
1878 1007 1925 1068 sq.
1960 984 2115 1050 Hercules

272 1110 374 1171 neque
419 1090 452 1151 iu
493 1085 564 1151 aliis
600 1094 633 1151 et
678 1085 786 1150 multis
823 1089 984 1170 periculis,
1033 1111 1135 1172 neque
1178 1091 1266 1172 apud
1307 1090 1426 1154 inferos
1471 1090 1538 1154 suis
1579 1111 1613 1153 se
1659 1089 1808 1154 manibus
1846 1088 1963 1152 fretum
2003 1109 2025 1151 a
2063 1087 2116 1150 dis

273 1190 427 1255 auxilinm
460 1188 608 1272 petivisse
641 1188 807 1271 gloriatur.
852 1189 1026 1256 Lenissima
1057 1193 1156 1273 igitur
1184 1195 1267 1257 inter
1296 1193 1355 1257 hos
1381 1212 1509 1274 quoque
1545 1191 1631 1254 locos
1664 1198 1713 1255 est
1743 1190 1928 1256 similitudo.
1973 1190 2113 1266 Accedit,

273 1293 361 1376 quod
403 1293 605 1366 miraremur,
648 1292 675 1355 si
710 1293 741 1354 in
779 1293 1003 1358 enumerandis
1044 1295 1193 1377 periculis
1232 1293 1387 1359 Hercules
1429 1294 1648 1369 durissimum,
1690 1293 1778 1374 quod
1823 1312 1966 1374 uuquam
2006 1290 2114 1366 subiit,

274 1397 439 1461 omisisset.
1387 1400 1390 1412 ’

426 1496 611 1560 Proximum
631 1501 688 1573 est
714 1503 757 1572 ut,
781 1516 844 1577 quo
864 1498 932 1560 iure
948 1496 1096 1562 Herculis
1108 1498 1218 1563 Oetaei
1243 1506 1408 1562 auctorem
1428 1499 1563 1579 ineptire
1584 1498 1704 1575 dicant,
1728 1497 1899 1561 videamus.
1943 1495 2014 1559 Hoc
2033 1493 2115 1558 illud

274 1609 322 1664 est
353 1607 590 1682 argumentum,
625 1616 689 1678 quo
723 1619 762 1661 ne
790 1597 975 1670 abutamur,
1008 1601 1059 1662 vix
1091 1602 1170 1666 satis
1197 1622 1308 1665 cavere
1340 1621 1517 1682 possumus.
1579 1598 1707 1663 Etenim
1735 1621 1807 1663 curn
1834 1599 2036 1662 notissimum
2067 1603 2118 1660 est

275 1703 412 1784 grandia
437 1708 470 1766 et
495 1699 665 1782 magnifica
691 1699 782 1764 facile
809 1700 911 1764 solere
938 1699 1026 1765 abire
1054 1703 1086 1764 in
1112 1702 1250 1766 ridicula
1276 1712 1309 1766 et
1334 1703 1466 1780 stolida,
1494 1711 1564 1766 tum
1591 1699 1814 1766 difficillimum
1841 1707 1891 1765 est
1910 1699 2116 1773 constituere,

274 1825 441 1886 quousque
469 1803 590 1869 Seneca
616 1802 760 1866 tumidus
787 1810 873 1867 certe
900 1811 933 1866 11
959 1801 1085 1868 efflatus
1114 1805 1262 1888 progredi
1291 1803 1352 1868 sibi
1380 1806 1464 1868 risus
1490 1806 1541 1866 sit.
1586 1801 1710 1879 Quibus
1732 1803 1773 1866 de
1795 1803 1901 1866 causis
1922 1820 2117 1882 magnopere

275 1907 452 1972 timendum
475 1911 533 1980 est,
555 1925 595 1968 ue
616 1924 656 1966 ex
678 1924 735 1969 suo
758 1906 894 1986 quisque
917 1908 1042 1988 iugenio
1066 1914 1099 1972 et
1120 1907 1255 1972 arbitrio
1278 1907 1360 1970 alius
1382 1905 1446 1970 alia
1468 1906 1595 1969 iudicet.

428 2009 553 2072 Primus
581 2007 621 2069 de
643 2005 791 2072 Herculis
814 2007 925 2072 Oetaei
952 2009 1069 2073 virtute
1091 2012 1218 2092 poetica
1240 2009 1366 2092 plenius
1387 2009 1563 2090 disputavit
1582 2006 1629 2069 W.
1654 2008 1690 2070 A.
1712 2005 1879 2072 Swoboda.
1924 2004 1986 2082 Qui
2006 2012 2115 2070 tamen

276 2113 374 2175 etiam
396 2111 526 2186 invenit,
548 2129 631 2192 quae
653 2108 810 2174 laudaret.
855 2110 1013 2174 laudavit
1036 2113 1121 2175 euim
1142 2111 1277 2176 chorum
1298 2110 1386 2176 Joles
1408 2119 1442 2175 et
1457 2108 1676 2185 Oechalidum,
1699 2108 1732 2173 in
1755 2128 1820 2189 quo
1841 2107 1945 2172 multa
1966 2107 2009 2170 ad
2031 2127 2119 2172 com·

276 2213 464 2277 movendam
492 2211 742 2275 misericordiam
770 2219 847 2295 apta
874 2219 980 2276 esseut
1006 2212 1038 2293 (l.
1061 2213 1080 2276 l.
1103 2237 1134 2296 p.
1156 2215 1247 2298 336),
1275 2213 1421 2277 laudavit
1441 2212 1576 2276 chorum
1597 2209 1691 2275 Herc.
1715 2208 1784 2274 Oet.
1805 2211 1868 2274 584
1888 2229 1936 2292 sq.
1959 2212 2005 2295 (p.
2028 2211 2115 2293 341),

276 2314 422 2380 laudavit
434 2314 612 2396 elegantem
622 2313 837 2378 inventionem
850 2337 877 2378 v.
893 2317 1037 2394 1479180,
1060 2317 1110 2380 111
1125 2316 1196 2381 1111
1211 2318 1273 2380 1111
1293 2315 1420 2380 laudem
1438 2313 1552 2379 tribuit
1571 2318 1616 2395 (p.
1639 2313 1727 2397 347),
1749 2311 1894 2375 laudarit
1915 2335 1942 2374 v.
1964 2317 2044 2378 1572
2058 2332 2117 2394 sq,

276 2417 391 2499 quihus
418 2416 560 2481 versibus
587 2417 688 2480 virtus
710 2415 859 2480 Herculis
886 2416 1028 2481 humana
1050 2421 1152 2483 maior
1173 2417 1358 2501 gravissime
1378 2421 1411 2480 et
1432 2417 1597 2496 aptissime
1619 2414 1870 2497 praedicaretur.
1916 2414 2118 2497 Vituperavit

276 2527 385 2584 autem
407 2518 494 2583 haec.
540 2518 1039 2601 Herc.Oet.80sq.Herculem
1063 2518 1763 2600 11111111111111111111111111(1335).
1808 2514 1867 2580 Est
1887 2536 1964 2581 sana
1986 2516 2119 2599 profusa

276 2621 489 2703 exsuperatio.
539 2621 602 2685 Sed
633 2641 728 2704 quem
756 2619 916 2702 Alpheum
949 2631 982 2685 et
1007 2622 1147 2687 Peneum
1174 2642 1255 2687 novo
1281 2621 1372 2686 alveo
1400 2622 1551 2686 avertisse
1578 2628 1610 2684 et
1636 2617 1774 2683 vallibus
1802 2619 1887 2682 inter
1914 2617 2051 2703 Abylam
2084 2627 2119 2682 et

278 2721 398 2805 Calpen
420 2723 588 2806 diremptis
609 2722 771 2787 Oceanum
796 2723 1004 2790 intromisisse
1025 2724 1155 2808 mythos
1176 2726 1327 2807 tradidit,
1351 2724 1488 2788 eundem
1510 2722 1699 2786 mirabimur
1721 2720 1809 2802 apud
1832 2720 1984 2785 Senecam
2005 2719 2117 2790 Histro

277 2831 309 2888 et
336 2823 435 2890 Tanai
464 2845 562 2890 novas
589 2825 655 2888 vias
681 2844 716 2888 se
738 2824 904 2902 daturum,
928 2825 1086 2892 Isthmum
1105 2847 1138 2892 se
1160 2825 1388 2908 persuasurum,
1413 2825 1554 2891 Siciliam
1575 2845 1649 2887 cum
1670 2823 1766 2888 Italia
1789 2825 1974 2886 iunctarum
1995 2843 2029 2886 se
2048 2843 2118 2888 esse

277 2929 483 3009 promittere?
526 2925 607 2991 Nori
634 2927 720 2990 enim
747 2933 779 2990 et
806 2929 941 2992 inauditi
971 2934 1079 2993 nostro
1107 2929 1177 2992 loco
1205 2928 1284 2993 nihil
1309 2930 1474 2992 inventum
1501 2935 1563 3003 est3
1594 2926 1729 2990 11111111
1750 2932 1797 2991 et.
1822 2932 1858 2987 11
1878 2945 2005 3006 semper
2026 2924 2116 3002 solet,

277 3030 367 3094 auxit
390 3029 524 3105 Seneca,
551 3049 633 3110 quae
657 3037 846 3112 reppererat
872 3029 912 3094 ab
939 3029 1078 3095 Hercule
1103 3030 1188 3096 facta
1210 3052 1288 3096 esse.
1311 3070 1352 3078 -
1375 3030 1470 3095 Herc.
1494 3030 1562 3094 Oet.
1586 3031 1735 3094 208-10
1758 3038 1790 3090 11
1812 3028 1875 3092 346
1897 3047 1944 3107 sq.
1964 3028 2120 3091 immania

278 3139 310 3194 et
333 3132 385 3194 vix
414 3130 547 3195 ferenda
579 3130 671 3194 nobis
703 3139 779 3196 aute
812 3133 921 3196 oeulos
951 3135 1025 3214 poni
1061 3137 1102 3214 (p.
1131 3135 1361 3216 33811339).
1407 3132 1495 3196 11111
1522 3133 1576 3212 qni
1605 3129 1729 3206 horret,
1757 3128 1915 3212 Thyestae
1937 3127 2025 3210 legat
2044 3151 2118 3193 cum

277 3237 466 3299 1710-43
490 3237 772 3312 11111755-75,
795 3235 883 3317 legat
897 3234 1063 3299 Phaedrae
1080 3257 1107 3299 ι.
1121 3238 1303 3302 lana-70:
1325 3235 1469 3299 eiusdem
1489 3235 1654 3317 scriptoris
1675 3234 1880 3296 atrocitatem
1898 3237 2059 3312 agnoscet.
2078 3268 2118 3277 -

277 3334 369 3399 Herc.
395 3335 464 3400 Oet.
488 3336 550 3400 775
573 3355 634 3417 sq.:
654 3335 902 3419 descriptionem
922 3337 1072 3402 Euboeae
1095 3347 1128 3402 et
1148 3337 1296 3402 sacrificii
1317 3338 1359 3401 ad
1381 3357 1450 3402 reru
1471 3337 1669 3419 propositam
1691 3354 1756 3399 uon
1778 3334 1939 3415 pertinere
1960 3338 2006 3415 (p.
2029 3334 2118 3416 343).

279 3437 341 3502 Sed
369 3459 442 3502 cum
469 3443 565 3501 antea
591 3445 661 3502 tum
689 3447 761 3522 post
789 3439 983 3504 uberrimam
1006 3439 1132 3505 Smithii
1158 3441 1214 3524 (de
1240 3447 1309 3506 arte
1332 3440 1492 3504 rhetorica
1515 3439 1547 3500 iu
1569 3437 1603 3502 L.
1628 3440 1665 3501 A.
1690 3437 1829 3501 Senecae
1852 3435 2026 3518 tragoediis
2046 3455 2120 3516 per-

278 3541 396 3622 spicua.
426 3539 511 3622 Lips.
536 3541 632 3624 1885)
660 3541 918 3607 dissertationem
945 3543 1076 3618 scimus,
1111 3552 1311 3624 quantopere
1339 3542 1462 3607 Seneca
1487 3540 1715 3622 descriptiones
1743 3538 1951 3602 adamaverit.
1995 3535 2119 3613 Quibus

278 3651 315 3705 ut
341 3641 429 3706 locus
456 3641 559 3719 fieret,
595 3663 634 3706 ne
658 3663 766 3708 rerum
793 3645 924 3726 quidem
952 3651 984 3709 et
1011 3666 1222 3728 personarum
1249 3648 1351 3708 iustas
1378 3645 1519 3708 rationes
1544 3641 1710 3724 neglegere
1738 3641 1906 3705 dubitavit.
1951 3637 2049 3702 Cuius
2071 3639 2117 3700 rei

278 3742 397 3825 ubique
434 3744 580 3826 exempla
612 3746 762 3811 invenies.
811 3746 895 3829 Lege
923 3747 1208 3824 0111530-618,
1243 3747 1297 3811 uhi
1326 3746 1418 3821 Oreo,
1454 3767 1526 3809 cum
1553 3745 1670 3807 invitus
1694 3742 1847 3824 loquatur
1873 3752 1907 3806 et
1931 3741 2039 3804 adstet
2060 3759 2117 3802 rex

278 3867 388 3910 morae
405 3847 589 3929 impatiens,
613 3855 721 3912 tamen
745 3851 921 3932 nonaginta
944 3849 1095 3914 versibus·
1110 3850 1276 3915 commode
1299 3851 1437 3930 primum
1460 3846 1574 3922 locum,
1598 3854 1668 3909 tum
1689 3867 1815 3909 sacrum
1840 3848 1943 3927 ipsum
1967 3843 2119 3924 depingit,

277 3947 326 4011 rel
349 3947 443 4013 Herc.
458 3949 517 4013 fur.
534 3953 713 4028 662-759,
737 3971 819 4033 quae
844 3950 1019 4016 inferorum
1042 3950 1214 4034 descriptio
1237 3972 1311 4015 cum
1333 3954 1480 4014 universo
1503 3948 1630 4013 tabulae
1650 3947 1783 4012 oonsilio
1805 3949 1935 4011 minime
1957 3945 2117 4021 cohaeret,

279 4049 327 4112 vel
354 4050 491 4115 Phaedr.
522 4056 638 4131 1-80,
670 4053 709 4116 de
738 4073 801 4136 quo
828 4053 899 4118 loco
927 4075 1025 4136 supra
1052 4055 1175 4118 dictum
1200 4061 1257 4117 est.
1281 4089 1322 4098 -
1351 4054 1398 4116 De
1420 4051 1567 4116 Herculis
1590 4052 1700 4113 Oetaei
1722 4050 1819 4112 choro
1847 4051 1924 4113 1031
1949 4068 1997 4128 sq.
2020 4068 2120 4128 supra

279 4154 400 4234 egimus
427 4159 469 4234 (p.
495 4155 560 4238 20).
588 4191 630 4201 -
654 4155 747 4220 Herc.
771 4155 840 4220 Oet.
865 4160 927 4221 907
950 4177 997 4236 sq.
1032 4155 1072 4220 ab
1102 4156 1196 4220 Herc.
1224 4155 1284 4219 fur.
1314 4158 1394 4220 1341
1420 4175 1481 4234 sq.,
1514 4174 1586 4217 cum
1614 4151 1665 4216 hic
1693 4150 1839 4226 Athenis,
1873 4149 1936 4213 illie
1962 4147 2117 4233 Cinyphio

281 4254 369 4319 sonte
397 4254 552 4320 Hercules
574 4255 722 4338 Megarae
748 4265 781 4322 et
805 4257 979 4322 liberorum
1005 4259 1133 4322 caedem
1162 4260 1306 4340 expiasse
1335 4256 1470 4332 feratur,
1504 4255 1550 4317 ita
1577 4254 1759 4328 dissentire,
1787 4260 1825 4316 ut
1847 4273 1929 4316 unus
1952 4253 2118 4330 utriusque

279 4354 407 4420 fabulae
436 4364 549 4421 auctor
572 4361 670 4422 statui
700 4381 762 4423 nou
789 4361 891 4443 possit
916 4367 959 4442 (p.
983 4361 1069 4439 343).
1115 4361 1177 4424 Sed
1204 4359 1404 4441 singularum
1428 4378 1535 4420 rerum
1557 4377 1654 4437 quam
1676 4353 1846 4437 neglegens
1867 4352 1964 4418 fuerit
1987 4352 2116 4424 Seneca,

282 4458 452 4523 lictatur.
475 4462 568 4542 47718
592 4460 752 4540 docemur,
776 4461 850 4540 „nbi
872 4461 988 4545 Euryti
1010 4463 1108 4526 eversi
1133 4461 1267 4525 domns“
1290 4466 1568 4535 commemoratur,
1592 4478 1665 4522 cum
1687 4464 1795 4521 tamen
1818 4462 1996 4520 extremum
2019 4458 2117 4532 atque

283 4561 431 4625 ultimum
448 4582 551 4644 neque
566 4562 669 4628 multo
684 4569 758 4628 aute
773 4563 919 4628 Herculis
935 4572 1073 4628 mortem
1094 4562 1215 4626 factum
1237 4583 1306 4626 esse
1326 4562 1389 4626 hoc
1412 4561 1534 4625 facinus
1557 4569 1589 4624 et
1610 4561 1753 4623 omnium
1774 4565 1944 4623 auctorum
1962 4574 2119 4620 consensu

281 4665 461 4728 constiterit
488 4685 545 4728 uec
572 4685 629 4747 per
656 4666 801 4730 ordinem
826 4687 934 4730 rerum
957 4672 990 4729 et
1012 4673 1161 4732 eventum
1184 4664 1279 4728 aliter
1299 4663 1368 4728 ficri
1388 4663 1523 4727 licuerit.
1568 4661 1700 4726 Accedit
1721 4662 1809 4741 quod
1830 4661 1926 4724 etiam
1949 4657 2020 4720 aliis
2041 4656 2120 4720 locis

282 4765 433 4830 Senecam
455 4787 562 4830 secum
585 4788 727 4850 pugnare
750 4768 902 4833 videmus.
949 4767 980 4832 Si
1002 4769 1086 4831 enim
1108 4767 1202 4832 Hero.
1225 4770 1286 4830 tur.
1309 4767 1456 4830 818-21
1481 4786 1554 4828 oum
1577 4764 1851 4828 Phaedram-9
1875 4761 2119 4842 comparaveris,

283 4867 346 4932 illio
373 4865 514 4934 Theseus
541 4871 638 4934 11111
663 4869 833 4934 Herculem
861 4869 1034 4934 Cerberum
1061 4871 1258 4944 domantem,
1292 4867 1345 4932 hio
1382 4869 1434 4931 111
1467 4869 1573 4949 potnit
1600 4867 1716 4948 sequi.
1761 4863 1864 4927 Maior
1890 4868 1940 4926 est
1962 4863 2059 4925 ctiam
2087 4872 2120 4923 et

282 4991 380 5051 quam
403 4969 505 5035 multo
528 4973 629 5054 magis
650 4974 788 5050 mireriS,
812 4973 1036 5053 discrepantia,
1060 4972 1147 5053 quod
1168 4971 1367 5052 Joacastam,
1389 4991 1487 5052 quam
1510 4969 1587 5032 Oed.
1613 4971 1695 5033 1040
1715 4987 1761 5046 sq.
1784 4985 1914 5028 manum
1938 4964 1999 5028 sibi
2017 4965 2118 5046 ipsam

282 5072 398 5136 inferre
420 5073 521 5150 iussit,
545 5073 662 5139 Phoeu.
685 5077 747 5140 363
770 5095 817 5156 sq.
840 5075 1043 5158 superstitem
1068 5075 1150 5137 11111.
1178 5111 1212 5118 -
1237 5071 1275 5134 11
1296 5072 1390 5137 Η1ι1.
1407 5072 1476 5137 Oet.
1495 5073 1576 5136 1235
1597 5092 1643 5152 sq.
1667 5089 1750 5150 quae
1772 5065 1908 5130 molesta
1929 5074 1987 5130 aut
2008 5066 2121 5128 immo-

283 5175 375 5239 desta
402 5173 576 5240 Swobodae
603 5180 670 5242 visa
697 5179 762 5242 sint
787 5177 832 5260 (p.
856 5177 947 5261 345),
974 5177 1116 5240 iuvenire
1144 5196 1208 5239 non
1234 5194 1373 5255 possum.
1417 5174 1602 5239 Rectissime
1635 5172 1721 5235 euim
1752 5167 1908 5234 Hercules
1930 5172 1963 5231 iu
1994 5187 2120 5229 summa

282 5279 396 5340 virium
421 5277 606 5343 infirmitate
633 5288 666 5342 11
692 5279 868 5344 delectione
897 5279 1039 5356 dubitat,
1074 5300 1150 5342 num
1177 5277 1297 5341 eisdem
1329 5277 1449 5343 viribus
1482 5274 1666 5358 praeclaras
1691 5272 1777 5350 illas,
1814 5293 1896 5353 quas
1920 5271 2029 5352 gessit,
2069 5289 2122 5330 res
