4717 5734
1193 301 1231 360 1⁶2

290 533 528 616 Agamemonis,
557 556 654 618 quam
685 539 738 618 qui
767 535 907 602 Senecae
931 536 1055 617 eripere
1081 535 1297 610 conabantur,
1325 533 1403 597 mibi
1429 535 1560 616 quidem
1587 535 1782 616 persuadere
1804 555 1867 598 non
1888 541 2079 617 potuerunt:
2103 537 2134 597 in

291 635 351 698 hac
369 656 497 718 quoque
520 635 630 702 fabula
653 638 717 702 duo
740 638 829 702 chori
853 638 1067 702 inueniuntur.
1111 637 1157 701 Ac
1179 639 1297 700 mirum
1320 657 1418 718 quam
1441 638 1555 701 eadem
1582 639 1613 702 in
1642 644 1780 718 utraque
1806 637 1976 718 tragoedia
1999 635 2161 718 duplicis,

288 738 379 805 chori
411 741 494 803 ratio
524 745 581 803 est.
627 739 743 823 Neque¹
764 743 848 804 enim
877 738 1067 805 Oechalides
1095 759 1198 820 neque
1225 737 1343 802 Iliades
1379 738 1495 802 chorus
1525 747 1615 815 sunt,
1662 741 1718 820 qui
1750 739 1792 801 ab
1824 740 1903 802 artis
1935 739 2135 803 dramaticae

291 841 402 920 peritis
434 840 599 918 definitur,
633 844 688 907 sed
723 845 856 907 comites
889 849 922 906 et
946 840 1073 906 sodales
1096 840 1179 906 Ioles
1206 848 1239 904 et
1265 839 1465 906 Cassandrae
1492 841 1574 906 forte
1601 842 1719 924 plures.
1764 840 1824 905 Hic
1845 860 1974 922 quoque
1997 841 2134 923 speciem

290 943 413 1024 antiqui
437 946 534 1008 moris
558 945 726 1010 dramatici
741 944 894 1008 Senecam
905 944 1049 1008 ridemus
1071 949 1215 1025 captare,
1240 963 1360 1007 rerera
1381 942 1474 1024 longe
1496 943 1604 1008 abillo
1626 945 1766 1008 recessit
1812 943 1857 1008 Ut
1879 946 1964 1006 enim
1979 950 2136 1023 quattuor

291 1045 488 1108 cantieorum
522 1067 672 1110 numerus
706 1047 902 1130 expleretur,
938 1067 1054 1109 novum
1087 1044 1223 1110 cherum
1257 1046 1461 1109 introducere
1492 1066 1555 1110 nen
1587 1046 1756 1110 dubitarit.
1813 1045 1934 1109 Eadem
1968 1047 1999 1108 in
2035 1045 2136 1109 choro

290 1148 459 1212 tractando
487 1147 685 1229 neglegentia
713 1152 881 1231 perspicua
907 1156 957 1212 est
984 1149 1014 1212 in
1043 1147 1169 1224 Medea,
1198 1151 1230 1212 in
1256 1169 1322 1230 qua
1348 1147 1461 1212 dubito
1492 1170 1535 1211 an
1564 1148 1683 1230 duplex
1710 1147 1828 1213 chorus
1861 1149 2051 1212 statuendus
2082 1149 2133 1214 sit.

290 1247 372 1312 Nam
391 1251 531 1331 priorem
554 1249 656 1327 illum,
680 1253 734 1333 qui
757 1254 886 1315 ineunte
910 1250 1020 1316 labala
1042 1252 1085 1334 (v.
1107 1253 1146 1316 56
1170 1250 1235 1334 sq.)
1258 1251 1469 1334 hymenaeum
1496 1253 1624 1326 cecinit,
1653 1254 1706 1314 rix
1733 1251 1902 1314 verisimile
1925 1260 1974 1314 est
1998 1253 2043 1314 ita
2064 1271 2135 1314 esse

230 1379 237 1386 ⁸
290 1353 397 1415 animo
418 1351 582 1427 allectum,
608 1363 643 1415 nt
666 1375 741 1417 mox
764 1356 949 1435 nuptiarum
974 1362 1006 1417 et
1028 1351 1226 1434 epithalamii
1255 1351 1373 1417 oblitus
1398 1355 1575 1434 primorum
1603 1361 1776 1416 nautarum
1800 1353 1970 1417 audaciam
1991 1355 2135 1416 carmine

293 1453 457 1534 improbet.
504 1453 587 1530 Quin
610 1476 682 1518 eum
706 1455 786 1520 Creo
810 1477 906 1519 scena
928 1457 1043 1518 exierit
1063 1456 1186 1520 dicens:

375 1579 401 1620 v.
426 1559 502 1622 299:
526 1577 617 1620 sacra
639 1578 690 1620 me
713 1556 847 1622 thalami
870 1563 997 1632 uocant,
1021 1567 1114 1622 uocat
1134 1558 1260 1638 precari
1282 1555 1382 1620 festus
1404 1556 1600 1640 hymenaeus
1620 1557 1701 1630 dies,

290 1682 340 1724 res
374 1681 474 1741 paene
501 1657 646 1742 flagitare
675 1659 814 1734 videtur,
849 1667 885 1722 ut
911 1681 995 1742 quae
1027 1659 1147 1742 nuptiis
1178 1658 1391 1722 interfuturae
1417 1668 1505 1734 snut,
1542 1659 1692 1724 mulieres
1719 1679 1791 1723 enm
1823 1666 2009 1740 sequautur.
2070 1657 2133 1722 Sed

290 1763 406 1826 chorus
432 1763 491 1825 iste
520 1759 830 1842 nuptialisomninc
858 1763 978 1843 nuptiis
1013 1783 1077 1824 non
1109 1763 1244 1825 interest
1271 1782 1328 1824 neo
1351 1783 1448 1825 scena
1470 1762 1635 1844 egreditur
1655 1784 1706 1838 ac,
1740 1763 1819 1824 dum
1841 1782 1969 1825 sacrum
1991 1761 2135 1842 nuptiale

290 1863 470 1940 conficitur,
505 1884 553 1926 ree
575 1885 595 1925 a
615 1859 1016 1945 proposito'alieniseimas
1040 1871 1168 1929 tractat.
1214 1862 1308 1928 Unde
1330 1884 1428 1945 quam
1451 1885 1514 1928 non
1538 1864 1722 1928 fastidiosus
1745 1864 1842 1927 fuerit
1854 1864 1976 1928 Seneca
1999 1865 2030 1926 in
2047 1884 2135 1928 eom-

289 1967 446 2048 ponendis
480 1963 598 2040 choris
632 1964 724 2028 facile
757 1965 960 2048 intellegitur.
1006 1965 1071 2030 Nec
1103 1967 1228 2030 crimini
1262 1964 1323 2029 hoc
1353 1988 1421 2031 esse
1451 1967 1639 2030 vertendum
1673 1967 1809 2030 ridetur.
1855 1965 1939 2029 Nam
1966 1969 1992 2030 si
2018 1987 2134 2030 scenae

290 2068 415 2133 fabulas
444 2068 636 2149 scripsisset,
662 2088 804 2132 summae
829 2089 869 2132 ox
894 2068 1013 2150 duplici
1040 2069 1138 2132 choro
1165 2075 1333 2132 orerentur
1358 2067 1565 2133 difficultates
1592 2090 1719 2133 necesse
1747 2076 1825 2132 erat.
1871 2069 1950 2133 (lum
1972 2089 2046 2132 vero
2070 2067 2131 2149 legi

288 2193 348 2234 sua
378 2179 435 2234 aut
457 2169 584 2234 recitari
613 2168 748 2234 voluisse
776 2168 866 2234 illum
893 2171 1024 2252 quidem
1051 2170 1310 2248 constet,·facile
1336 2170 1397 2235 hoo
1424 2171 1483 2234 sibi
1511 2173 1617 2251 potuit
1643 2171 1819 2253 indulgere.
1854 2170 1892 2234 cf.
1925 2170 2020 2245 Birt,
2052 2191 2134 2233 mus.

291 2274 390 2338 Ithen.
415 2277 469 2346 34,
494 2292 523 2352 p.
547 2275 654 2350 tritt,
679 2273 768 2335 euius
789 2273 832 2336 ad
856 2280 1046 2354 argumenta
1068 2293 1185 2338 norum
1207 2272 1267 2336 hoc
1289 2273 1422 2337 aceedit.

444 2373 556 2438 Restat
583 2395 695 2450 unum,
722 2394 786 2456 quo
815 2396 866 2438 res
893 2373 1025 2438 haerere
1052 2375 1208 2439 videatur.
1254 2375 1328 2439 Solo
1356 2377 1440 2438 enirn
1465 2396 1568 2456 neque
1596 2376 1729 2457 prologo
1755 2396 1858 2456 neque
1886 2375 2012 2438 caustico
2040 2383 2135 2437 actus

289 2478 446 2560 expletur.
493 2477 554 2540 Sed
577 2496 702 2558 semper
725 2484 896 2558 utrumque
911 2479 1087 2541 invenimus
1103 2480 1320 2543 coniunctum.
1366 2475 1449 2552 Quid
1465 2480 1559 2542 uero?
1587 2477 1750 2542 Habemus
1770 2476 1951 2559 prologum,
1976 2475 2134 2540 habemus

289 2581 464 2644 eunocum:
503 2599 607 2641 nonne
634 2586 768 2659 possunt
796 2580 964 2661 coniungi?
997 2579 1048 2644 Sic
1076 2581 1160 2644 enim
1190 2558 1292 2644 omnis
1319 2579 1446 2644 uidetur
1473 2599 1565 2662 posse
1588 2579 1753 2661 profligari
1776 2578 1958 2642 difficultas.
2005 2581 2046 2642 nt
2066 2600 2131 2642 non

288 2689 424 2764 possunt
435 2682 594 2762 coniungi.
628 2679 711 2744 Nam
727 2684 864 2762 primum
879 2681 1010 2763 quidem
1024 2681 1195 2764 prologum
1211 2685 1295 2746 inter
1309 2691 1341 2745 et
1356 2682 1503 2757 chorum,
1526 2690 1562 2746 ut
1577 2684 1843 2764 supradiximus,
1866 2703 1962 2746 scena
1977 2689 2133 2771 mutatur.

289 2785 361 2862 Qua
382 2805 418 2848 re
438 2785 483 2847 ita
505 2785 608 2847 omnis
630 2786 714 2846 inter
736 2782 795 2846 has
818 2805 929 2848 scenas
952 2785 1134 2848 coniunctio
1156 2784 1297 2861 tollitur,
1322 2792 1358 2847 ut
1379 2787 1409 2847 iu
1433 2805 1531 2848 unum
1554 2793 1662 2848 actum
1677 2787 1762 2851 coire
1777 2804 1981 2865 nequaquam
1997 2786 2132 2865 possint.

290 2887 371 2952 Tum
396 2895 510 2950 neutra
534 2905 630 2949 socna
657 2887 762 2965 prima
789 2885 917 2950 fabulae
947 2907 1101 2951 essenon
1126 2893 1246 2968 potest:
1275 2887 1439 2969 prologus,
1467 2890 1544 2968 quia
1567 2889 1598 2950 in
1622 2886 1687 2951 alia
1709 2909 1804 2951 scena
1827 2888 1948 2968 agitur,
1971 2887 2132 2950 canticum

290 2992 367 3072 quia
389 2988 454 3053 Iole
477 2995 510 3052 et
532 2986 723 3052 Oechalides
745 2989 978 3068 protaticarum
1000 3009 1212 3069 personarum
1235 2989 1356 3053 uicibus
1379 2989 1569 3070 funguntur,
1592 3010 1673 3070 quae
1696 3011 1768 3053 eum
1792 2992 1823 3052 in
1837 2989 1999 3070 plerisque
2015 2987 2134 3051 fabulis

291 3095 412 3157 Seneca
434 3091 628 3166 admisisset,
652 3109 777 3171 semper
800 3091 902 3170 primo
927 3089 997 3154 loco
1018 3093 1132 3172 posuit.

443 3193 556 3275 Itaque
584 3192 726 3255 omnium
752 3192 1063 3274 imperfectissimum
1097 3195 1235 3274 primum
1269 3201 1377 3256 actoru
1403 3215 1471 3256 esse
1500 3214 1678 3257 censemus:
1711 3193 1760 3258 bis
1793 3215 1860 3257 rem
1887 3213 2057 3275 aggressus
2088 3191 2132 3254 ad

290 3299 385 3360 tinem
406 3296 582 3376 perducere
605 3295 727 3357 Seneca
749 3296 901 3375 nequivit.

442 3398 587 3471 Accedit,
615 3397 703 3477 quod
731 3398 828 3460 etiam
854 3396 987 3480 singulis
1011 3396 1118 3472 rebuS,
1146 3395 1206 3461 hoc
1228 3404 1265 3460 ut
1287 3397 1470 3478 credamne,
1498 3419 1674 3463 monemur.
1719 3399 1765 3461 Ac
1787 3400 1887 3460 miror
1907 3398 2076 3477 Peiperum
2100 3401 2135 3456 et

290 3500 491 3575 Itichterum,
516 3501 583 3580 qui,
611 3521 684 3562 eum
712 3499 887 3562 rectissime
915 3505 1039 3562 ceteras
1067 3497 1193 3562 l'abulas
1215 3521 1254 3562 ex
1278 3501 1345 3581 ipso
1367 3508 1482 3581 poetae
1502 3499 1716 3582 chirographo
1736 3497 2014 3564 emendationibus
2036 3497 2132 3579 pleno

291 3604 433 3686 prodisse
458 3601 701 3676 contenderent,
740 3599 912 3664 Herculem
939 3598 1094 3664 Oetaeum
1119 3609 1316 3664 exemerunt.
1344 3601 1434 3684 (edit.
1462 3601 1560 3683 praef.
1587 3623 1616 3682 p.
1645 3600 1741 3681 VIII).
1790 3601 1883 3678 Quod
1910 3602 2134 3664 demonstrare

290 3728 362 3770 rum
385 3705 516 3786 longum
538 3704 588 3778 sit,
614 3704 643 3766 in
667 3723 819 3784 praesens
841 3701 1054 3766 differendum
1077 3711 1140 3766 est:
1162 3723 1225 3766 nno
1249 3711 1323 3766 utar
1345 3703 1491 3784 exemplo
1511 3725 1538 3765 r.
1562 3708 1616 3778 51,
1641 3704 1695 3766 ubi

495 3805 534 3868 E:
563 3825 638 3886 pars
659 3816 760 3886 quota
783 3813 831 3868 est
850 3804 984 3869 Perseus
1004 3803 1085 3868 mei?

494 3911 535 3972 A:
560 3929 635 3989 pars
658 3915 758 3990 quota
779 3917 841 3984 est,
865 3927 963 3989 quam
985 3909 1183 3988 prosequor?

443 4010 479 4074 In
512 4017 604 4073 tanta
638 4009 811 4074 lectionum
845 4009 1030 4074 diversitate
1051 4013 1140 4094 'nrum
1174 4007 1312 4072 alteram
1345 4031 1384 4071 ex
1411 4009 1515 4072 altera
1542 4018 1646 4073 ortam
1672 4031 1740 4073 esse
1768 4009 1971 4091 putabimus?
2001 4009 2135 4074 Minime

290 4133 378 4178 vcro:
412 4133 514 4194 neque
548 4115 631 4176 enim
666 4132 774 4177 errore
807 4112 883 4176 oriri
915 4113 1034 4194 potuit,
1068 4131 1140 4174 eum
1174 4118 1312 4192 utraque
1348 4112 1504 4192 optimum
1543 4111 1696 4192 praebeat
1723 4134 1849 4176 sensnm
1876 4133 1980 4193 neque
2008 4113 2132 4177 scribae

291 4216 527 4292 emendatione,
556 4237 628 4279 cum
657 4236 720 4279 non
745 4223 843 4291 esset,
870 4236 928 4278 cnr
954 4213 1183 4278 emendaretur
1208 4221 1266 4276 aut
1293 4234 1350 4276 cur
1377 4214 1422 4276 sic
1448 4215 1682 4278 emendaretur.
1728 4215 1791 4279 Sed
1814 4218 1873 4284 ita,
1897 4217 1929 4278 ni
1951 4213 2058 4296 fallor,
2082 4234 2135 4276 res

291 4340 324 4382 se
348 4316 458 4382 habet:
480 4319 608 4400 ecrIpsit
631 4317 753 4383 Seneca
774 4319 928 4400 primum:
952 4335 1045 4398 „pars
1069 4323 1170 4397 quota
1185 4323 1234 4378 est
1244 4313 1380 4378 Perseus
1396 4317 1496 4378 mei?“
1518 4315 1653 4381 fortasse
1667 4327 1777 4398 postea
1794 4317 1895 4381 locum
1914 4317 2132 4380 illustraturus

292 4419 438 4502 pluribus
461 4419 614 4502 exemplis
637 4420 765 4482 additis.
812 4419 891 4484 Cum
912 4427 1019 4482 autem
1044 4418 1237 4500 procedente
1260 4437 1354 4498 opere
1371 4438 1409 4481 eo
1426 4420 1634 4500 peruenisset,
1659 4419 1710 4485 ubi
1728 4441 1783 4483 eos
1798 4441 1986 4484 enumerare
2003 4417 2134 4498 placuit.

291 4525 345 4604 qui
373 4521 551 4587 minoribus
579 4521 750 4586 virtutibus
778 4520 947 4586 caelestem
980 4521 1087 4584 sedem
1113 4528 1313 4595 meruerunt,
1340 4519 1534 4603 Apollinem,
1556 4520 1734 4598 Bacchum,
1757 4523 1907 4587 Perseum
1931 4533 1973 4599 (v.
1996 4521 2035 4581 9⁶2
2060 4522 2134 4600 sqn.

292 4627 400 4706 priora
423 4625 595 4705 respiciens
616 4622 735 4688 delerit
757 4622 813 4686 illa
835 4623 946 4700 verba,
967 4625 1130 4706 apposuit:
1155 4643 1249 4704 „pars
1272 4633 1371 4703 quota
1392 4632 1454 4698 est,
1478 4645 1576 4704 quam
1599 4631 1811 4707 prosequor?“

444 4725 539 4788 Aliud
562 4733 623 4802 est,
653 4726 741 4808 quod
768 4729 872 4791 oratio
901 4725 980 4789 bene
1007 4725 1163 4808 disposita
1190 4725 1285 4788 unius
1312 4726 1490 4789 sententiae
1513 4727 1703 4806 repetitione
1728 4728 1862 4792 laborat.
1909 4725 2026 4787 Arrisit
2047 4726 2131 4788 enirn

293 4830 430 4892 Senecae
459 4829 592 4891 nimium
620 4835 778 4909 quantum
807 4829 1073 4910 exquisitissimus
1101 4825 1153 4890 hic
1181 4826 1282 4892 color:
1311 4848 1426 4908 negare
1452 4828 1608 4890 muudum
1635 4829 1827 4892 exhaustum
1855 4827 1968 4888 Iunoni
1993 4826 2077 4890 ieras
2100 4827 2131 4886 in

294 4928 463 4994 llorculem
485 4930 667 4996 mittendas.
690 4977 693 4984 .
713 4929 827 5012 Itaque
851 4930 899 4994 bis
920 4928 1050 5011 legitur:

378 5053 404 5094 u.
428 5035 482 5098 30:
506 5034 531 5096 si
556 5040 652 5114 negat
675 5031 813 5096 mundus
835 5033 931 5108 feras,
960 5034 1099 5096 animum
1125 5031 1305 5108 noverca,*)
1325 5031 1423 5094 redde
1448 5055 1529 5096 nnnc
1554 5041 1629 5096 nato
1653 5039 1777 5112 patrem
1801 5029 1849 5093 uel
1870 5042 1959 5095 astra
1978 5031 2051 5094 lorti

446 5255 470 5318 *l
490 5253 758 5322 comparandarum
776 5253 842 5307 hece
862 5253 1020 5306 verberum
1040 5251 1192 5306 Ouidianis:
1214 5251 1280 5306 Met.
1300 5253 1349 5306 lx.
1372 5259 1433 5308 lte:
1452 5217 1559 5306 defessa
1580 5253 1696 5306 iubendo
1715 5257 1757 5304 est
1774 5267 1856 5304 saera
1873 5251 1942 5304 loris
1960 5249 2085 5304 coniunx.
