4717 5734
1193 359 1213 417 6

280 591 478 674 repetitione.
523 590 613 668 Quae
640 611 678 656 eo
700 589 865 656 molestior
886 597 942 668 est,
965 590 1052 672 quod
1076 589 1229 672 plurima,
1251 609 1335 674 quae
1357 588 1513 656 Hercules
1534 610 1609 655 oum
1624 591 1778 656 Alcmene
1799 591 2010 674 colloquitur,
2033 601 2130 658 31100

278 693 364 758 30103
388 695 619 776 pronuntiavit.
644 691 760 757 Confer
781 690 874 756 hacc:

365 819 392 860 v.
421 797 516 861 1343:
540 793 602 859 Ubi
628 793 772 858 membra
791 791 886 857 sunt?
909 792 962 858 ubi
987 793 1052 878 illa,
1076 813 1159 878 quae
1182 794 1340 858 mnndum
1354 794 1430 858 tulit
1452 793 1616 878 stelligera
1636 795 1767 859 cervix?

485 897 723 962 011235-46.

366 1019 393 1060 r.
420 999 517 1064 1344:
926 1001 999 1081 quis
1023 996 1081 1061 tibi
1104 998 1254 1080 exiguam
1277 998 1325 1063 tni

478 1107 603 1188 partem
629 1099 778 1182 reliquit?
811 1099 904 1164 Hero.
929 1099 1100 1164 Herculem
1139 1106 1266 1180 spectas
1291 1100 1432 1184 quidem,

484 1209 599 1280 mater,
621 1203 677 1266 sed
703 1200 860 1280 umbram,
893 1208 926 1266 et
950 1201 1011 1266 vile
1039 1203 1146 1266 nescio
1170 1201 1249 1284 quid
1272 1203 1343 1268 mei.
1366 1222 1504 1285 agnosce
1527 1210 1642 1269 mater.

481 1303 518 1370 01.
546 1306 702 1370 1133101
728 1304 859 1382 cernite,
883 1303 987 1381 urbes,
1011 1303 1130 1368 cernite
1151 1323 1192 1368 ex
1213 1303 1270 1369 illo
1293 1303 1433 1369 Hercule

483 1407 560 1488 qnid
585 1407 649 1470 iam
670 1407 817 1487 supersit.
841 1403 1012 1469 Herculem
1035 1407 1182 1488 agnoscis
1204 1406 1318 1490 pater?

367 1510 464 1574 1349:
875 1507 947 1590 quis
969 1507 1070 1572 ierem
1093 1507 1233 1573 mundus
1257 1528 1381 1585 novam,

482 1629 564 1692 quae
587 1616 675 1673 10113
696 1608 825 1690 genuit?
848 1609 974 1692 quodve
996 1617 1064 1674 tam
1085 1610 1193 1674 dirum
1215 1610 1304 1676 00103

482 1712 523 1774 10
545 1718 577 1774 10
599 1710 798 1793 triumphat?
820 1712 922 1776 victor
944 1711 1122 1777 Herculeus
1144 1713 1217 1794 quis
1237 1713 1306 1778 est?

481 1812 520 1878 01.
546 1816 728 1879 1251-58:
751 1815 823 1895 quis
846 1821 877 1878 te
900 1851 941 1862 -
963 1823 1091 1898 pontus,
1115 1833 1199 1894 quae
1221 1851 1263 1862 -
1285 1812 1405 1899 Tethys
1427 1815 1538 1897 genuit
1559 1822 1617 1879 aut
1641 1852 1680 1862 -
1704 1814 1803 1900 Calpe
1825 1819 1894 1882 —l
1909 1855 1951 1866 -
1973 1825 2126 1882 utrumne

482 1936 612 1998 serpeus
635 1921 753 1980 aut-
775 1917 920 1998 ignotum
947 1915 1089 1982 malum?
1123 1913 1279 1998 numquid
1303 1917 1365 1980 -?
1397 1915 1470 1999 quis
1502 1915 1609 1981 voltus
1643 1915 1702 1980 tibi
1731 1918 1800 1982 est?
1832 1917 1979 1985 Concede
2010 1919 2126 1985 saltem

484 2017 575 2094 scire,
598 2037 662 2100 quo
685 2037 816 2100 peream
840 2018 935 2084 11010.

368 2123 550 2187 tene-63:
573 2119 704 2185 morbus
727 2119 928 2186 describitur.
974 2121 1013 2184 01.
1039 2121 1122 2184 1218
1145 2139 1193 2201 sq.

366 2226 446 2290 1369
471 2243 533 2305 sq.:
556 2222 644 2305 quod
666 2223 787 2288 frustra
808 2222 906 2288 semel
929 2221 1040 2287 vicerit
1060 2228 1212 2299 mortem,
1237 2220 1390 2286 Hercules
1412 2222 1512 2287 dolet.
1555 2221 1594 2287 01.
1621 2226 1704 2288 1196
1726 2243 1773 2305 sq.

365 2330 460 2392 1372:
483 2323 527 2389 nil
549 2323 623 2388 inde
646 2324 771 2408 ducam,
791 2325 869 2407 quid
893 2326 987 2389 times
1007 2326 1124 2388 iterum
1147 2321 1341 2388 Herculem?

423 2493 427 2500 ,
485 2425 523 2491 01.
551 2431 632 2492 1344
653 2447 714 2509 sq.:
738 2428 810 2510 quis
832 2447 905 2491 mea
926 2434 1034 2492 custos
1057 2447 1154 2490 mauu
1176 2423 1327 2490 trahetur
1351 2424 1438 2488 ultra
1462 2425 1614 2510 Stygius?

369 2531 466 2595 1373:
489 2529 613 2605 invade,
633 2548 728 2606 mors,
751 2549 814 2595 non
830 2530 970 2612 trepide:
993 2528 1056 2594 iam
1079 2549 1231 2612 possum
1254 2527 1361 2592 mori.

481 2629 518 2694 01.
546 2633 642 2697 1317:
671 2669 710 2678 -
734 2651 885 2697 noverca:
909 2651 1024 2714 sparge
1046 2638 1082 2695 tu
1105 2629 1220 2695 saltem
1242 2650 1356 2712 precor
1378 2629 1645 2711 telumz'perire
1667 2630 1804 2696 10111130
1826 2651 1978 2714 possum
2001 2654 2109 2698 11001.

367 2735 549 2798 1377-951
588 2741 685 2816 negat
706 2733 860 2798 Hercules
883 2731 1034 2798 fleturum
1067 2753 1101 2797 se
1132 2752 1215 2804 esse,
1248 2733 1309 2796 etsi
1341 2731 1571 2796 crudelissimis
1606 2733 1802 2798 cruciatibus
1832 2741 2052 2816 torqueretur;
2084 2736 2124 2798 ci.

466 2838 663 2914 ,1265--74,
688 2836 740 2901 ubi
765 2856 930 2918 nunquam
949 2855 982 2899 se
1004 2833 1127 2900 flevisse
1149 2835 1212 2899 nisi
1234 2841 1303 2897 tum
1323 2831 1475 2898 0111111101.

368 2939 465 3004 1399:
488 2936 542 3001 ubi
566 2937 706 3015 morbus,
730 2938 860 3002 ubinam
883 2938 951 3002 est?
978 2975 1012 2984 —
1037 2937 1194 3020 procedat
1216 2935 1287 2999 huc.

482 3039 520 3104 01.
553 3043 648 3105 1249:
700 3061 920 3123 quaecumque
954 3040 1053 3122 pestis
1085 3039 1206 3103 viscere
1242 3040 1273 3100 iu
1300 3045 1412 3102 nostro
1445 3035 1535 3115 lates,

700 3143 838 3224 procede
866 3179 900 3190 -
924 3143 1003 3224 quid
1026 3163 1076 3206 me
1104 3140 1235 3205 vulnere
1257 3139 1383 3204 occulto
1408 3140 1510 3222 petis?

431 3243 543 3326 Itaque
580 3246 625 3308 sic
650 3244 876 3309 iudicabimus:
908 3247 1046 3326 priorem
1073 3263 1203 3307 scenam
1235 3241 1363 3325 scripsit
1389 3241 1510 3307 Seneca
1539 3242 1730 3326 Sophoclem
1757 3254 1899 3324 3001113,
1936 3247 1990 3328 qui
2018 3246 2122 3311 solum

277 3345 352 3410 10011
388 3343 559 3410 Herculem
596 3347 837 3412 lamentantem.
901 3345 976 3410 Mox
1004 3347 1036 3409 in
1072 3345 1301 3429 cogitationem
1323 3345 1437 3408 incidit
1468 3344 1625 3427 optimam
1648 3348 1788 3411 novandi
1821 3347 1943 3429 aliquid
1975 3347 2121 3429 praeberi

278 3449 477 3512 occasionem
513 3449 665 3514 Alcmena
700 3451 732 3512 in
769 3469 897 3513 scenam
930 3449 1036 3513 missa.
1090 3447 1207 3530 ltaque
1228 3447 1438 3530 posteriorem
1472 3450 1660 3529 composuit.
1719 3449 1782 3514 Sed
1814 3451 1941 3530 ingenio
1977 3453 2123 3530 quamvis

278 3549 440 3614 uberrimo
464 3551 496 3613 in
520 3549 576 3614 1113
599 3549 955 3627 3011101130111101310,
980 3551 1059 3632 quid
1080 3551 1217 3614 adderet
1238 3548 1319 3627 novi,
1343 3569 1407 3613 non
1429 3548 1554 3614 habuit.

432 3651 552 3730 Restat,
576 3652 772 3718 utdechoro
796 3652 839 3734 (v.
865 3657 947 3719 1518
970 3655 1033 3736 sq.)
1056 3652 1154 3717 verba
1172 3653 1341 3716 iaciamus:
1361 3653 1452 3716 cuius
1475 3651 1557 3716 1030
1572 3659 1648 3716 3101
1661 3659 1770 3732 partes
1782 3655 1867 3718 inter
1881 3673 1914 3719 se
1931 3654 2120 3718 simillimae.

279 3759 422 3832 Quarum
445 3754 578 3820 alterius
600 3754 661 3820 hoc
683 3763 732 3820 est
754 3762 979 3837 argumentum
1001 3755 1218 3838 (lois-ssi:

432 3856 566 3920 Nuntiet
588 3857 642 3922 801
668 3858 868 3922 notissimum
897 3856 1043 3922 omnibus
1070 3858 1198 3940 populis
1225 3855 1396 3922 Herculem
1425 3855 1528 3919 obisse
1550 3855 1762 3941 (1518-30).
1819 3858 1896 3935 Quis
1923 3861 1985 3922 erit
2009 3860 2121 3923 mundi

278 3959 402 4036 vindex,
425 3960 449 4022 si
475 3978 557 4022 nova
578 3967 723 4023 monstra
738 3960 903 4024 oriantur?
926 3959 1137 4044 (1531-49).
1183 3958 1231 4022 Ad
1248 3957 1367 4027 inferos
1382 3957 1547 4022 descendit
1564 3958 1725 4037 Hercules,
1749 3959 1803 4023 ubi
1821 3961 1905 4024 inter
1921 3969 2122 4027 mortuorum

279 4061 400 4124 iudices
422 4063 483 4124 0111
504 4061 714 4145 (1550-63).
761 4061 929 4126 Fallimur:
952 4063 1053 4126 virtus
1075 4063 1158 4126 inter
1179 4068 1267 4125 astra
1288 4060 1395 4124 locum
1417 4058 1517 4124 habet
1541 4062 1754 4143 (leet-soi.
2039 4071 2067 4132 ο

433 4162 634 4227 Simillimnm
656 4171 706 4229 est
727 4164 860 4228 alterius
883 4170 1108 4246 argumentum
1131 4164 1391 4246 (1576-1606)1

432 4263 632 4346 Sempiterna
649 4267 710 4330 erit
725 4265 872 4330 Herculis
896 4267 1050 4330 memoria
1071 4266 1282 4350 (1576-86).
1327 4262 1461 4327 Nullum
1477 4264 1542 4327 iam
1558 4271 1746 4342 monstrum,
1771 4285 1948 4347 precamur,
1969 4276 2122 4332 nascatur

278 4369 309 4432 in
333 4369 428 4432 terris
452 4373 509 4431 aut
531 4367 687 4432 reddatur
714 4375 821 4432 terrae
848 4367 978 4432 relictae
1007 4369 1124 4431 vindex
1152 4367 1366 4450 (1587-94).
1412 4365 1553 4430 8010110
1580 4367 1701 4430 mundo
1730 4369 1762 4430 in
1789 4368 1913 4433 eaelum
1940 4370 2121 4434 0300011330

278 4469 449 4534 Herculem
472 4469 670 4552 significatur
692 4473 891 4555 (1595-99)
915 4490 957 4534 en
981 4471 1084 4535 visum
1099 4468 1271 4534 Herculem
1292 4477 1454 4532 tremuere
1476 4466 1570 4530 inferi
1585 4469 1783 4550 (leno-an
1828 4469 1996 4534 Fallimur:
2017 4471 2121 4534 laetus

279 4570 475 4636 Philoctetae
498 4571 537 4635 ab
562 4571 709 4638 Herculis
733 4572 843 4637 funere
866 4574 1021 4636 venientis
1044 4572 1151 4636 vultus
1173 4571 1285 4653 prodit
1306 4569 1388 4634 bene
1411 4592 1487 4635 oum
1507 4570 1563 4634 illo
1586 4577 1696 4634 ectum
1718 4591 1787 4637 esse
1811 4574 2000 4657 (1603-6).

431 4671 552 4750 Quibus
590 4677 784 4758 comparatis
817 4677 895 4758 qnid
927 4682 1033 4757 potest
1075 4695 1143 4739 esse
1183 4675 1326 4755 apertius
1363 4695 1462 4756 quam
1494 4673 1632 4736 eundem
1668 4695 1725 4736 103
1756 4684 1866 4738 tenere
1902 4672 2035 4737 chorum
2074 4674 2122 4740 bis

279 4773 500 4840 elaboratum?

431 4877 493 4941 Sed
515 4875 593 4941 haec
615 4878 778 4944 hactenus.
825 4880 970 4944 Alterum
993 4887 1055 4956 est,
1077 4899 1141 4962 quo
1162 4877 1302 4942 breviter
1324 4878 1530 4954 delineatam,
1564 4899 1626 4943 001
1651 4878 1833 4943 absolutam
1854 4897 1923 4940 0330
1949 4877 2119 4942 Herculem

278 4979 433 5043 Oetaeum
456 4999 651 5045 moneamur.
695 4981 907 5046 Inveniuntur
928 4984 1023 5064 enim,
1046 5002 1130 5065 quae
1153 5001 1271 5060 parum
1292 4979 1377 5042 inter
1400 4999 1434 5042 se
1457 4981 1636 5044 concinant.

430 5081 496 5146 Iam
519 5082 787 5162 supradiximus,
809 5084 985 5150 absurdum
1009 5084 1117 5160 videri,
1148 5082 1237 5163 quod
1259 5082 1366 5145 media
1386 5082 1418 5144 in
1442 5102 1596 5146 3001000
1618 5082 1689 5145 luce
1712 5078 1802 5162 pelle
1817 5079 1947 5146 Herculi
1963 5074 2122 5144 mittenda

278 5183 414 5248 illinitur
436 5184 476 5271 (v.
502 5187 617 5266 565161
642 5185 747 5251 Antea
768 5187 852 5250 enim
877 5187 1028 5251 Deianira
1050 5205 1207 5250 venenum
1230 5183 1310 5249 illud
1333 5185 1436 5266 ipsam
1457 5205 1491 5248 30
1515 5185 1728 5248 remotissimo
1752 5183 1859 5264 regiae
1875 5183 1943 5247 loco
1959 5184 2121 5248 abdidisse

279 5287 413 5365 dixerat,
438 5307 501 5368 quo
526 5286 617 5350 01113
640 5309 781 5370 unquam
804 5289 860 5352 lux
884 5288 1116 5370 penetravissot
1136 5289 1216 5370 (485
1240 5288 1304 5371 sq.)
1326 5293 1424 5367 atque
1446 5287 1544 5350 etiam
1560 5284 1651 5349 Nessi
1674 5284 1773 5348 verbe
1793 5287 1966 5351 addiderat
1980 5286 2121 5351 tenebris
