4717 5734
1153 349 1190 412 19

339 583 444 648 Trach
475 587 551 648 284:
576 580 610 664 ἐξ
630 576 749 664 ὀλβίων
771 573 885 668 ίίζηλον
905 577 1053 669 &porcus
1074 579 1154 665 βίον.

338 685 431 750 Herc.
455 686 522 752 Oet.
548 688 623 752 133:
647 683 722 749 felix
744 684 862 750 incolui
885 705 948 750 non
971 686 1096 752 steriles
1117 686 1205 751 socos

642 807 700 851 neo
722 787 830 850 ieiuna
850 786 911 852 soli
934 789 1043 870 iugera
1064 786 1217 853 Thessali.

643 889 685 952 ad
707 887 868 954 Trachina
885 911 992 969 vocor,
1014 911 1093 956 saxa
1115 891 1252 972 rigentia

641 997 674 1054 et
694 991 826 1055 dumeta
848 992 929 1075 iugis
950 993 1083 1058 horrida
1103 991 1235 1057 torridis
1257 1013 1283 1056 e.
1303 1013 1334 1074 q.
1357 1011 1381 1056 s.
1405 1029 1447 1037 -

340 1091 454 1158 Trach.
479 1096 555 1158 752:
579 1085 658 1157 ἆκτί
682 1116 733 1170 τις
756 1085 1023 1179 ἂμφίκλυοτος
1045 1087 1193 1174 Είβοίος.

295 1196 389 1261 Herc.
406 1195 474 1260 Oet.
491 1202 562 1262 775:
577 1195 721 1259 Euboica
734 1193 830 1259 tellus
844 1198 961 1260 vertice
976 1199 1129 1262 immenso
1227 1203 1262 1260 at
1294 1215 1359 1278 qua
1388 1196 1488 1261 nivosi
1510 1196 1633 1278 patitur
1649 1195 1817 1278 Aquilonis
1848 1199 1965 1275 mines,

1005 1306 1132 1364 tumens
1178 1334 1179 1343 .
1228 1296 1368 1382 Euripus
1389 1298 1493 1362 nudas
1521 1296 1623 1362 flectit
1647 1296 1806 1363 instabilis
1833 1319 1931 1382 vagas

297 1400 444 1483 pulsatur
478 1401 564 1464 omui
593 1399 706 1464 latere:
733 1399 907 1464 Phrixeum
921 1421 1010 1464 mare
1226 1407 1414 1483 septemque
1437 1421 1550 1466 cursus
1565 1400 1663 1465 volvit
1678 1409 1711 1464 et
1730 1401 1866 1465 totidem
1887 1400 1994 1467 refert.
2011 1442 2051 1450 —-

296 1503 413 1568 scindit
437 1500 633 1585 Caphereus,
657 1503 757 1567 servit
787 1500 848 1567 hoc
870 1503 989 1568 Austro
1011 1503 1111 1579 latus;
1177 1503 1179 1518 '

407 1605 495 1682 Quae
519 1606 615 1669 matri
640 1603 754 1689 Hyllus
776 1605 973 1686 imprecetur

340 1706 454 1772 Trach.
477 1710 554 1773 808:
578 1692 622 1771 ὧν
643 1726 679 1771 σε
702 1701 855 1789 ποίνιμος
877 1702 962 1793 Δίκη
986 1703 1108 1770 τίοοιτ’
1134 1704 1255 1792 Ἐρινύς
1270 1728 1315 1786 τε,

254 1810 391 1875 fortasse
412 1815 583 1874 mouerunt
611 1809 778 1885 Senecam,
807 1817 843 1872 ut
869 1815 974 1873 totum
997 1808 1102 1874 locum
1130 1816 1348 1891 componeret,
1376 1828 1441 1891 qno
1469 1807 1621 1872 Deianira
1647 1808 1747 1872 furias
1775 1815 1959 1890 praesentes
1987 1811 2093 1876 ridere

215 1981 220 1988 ,
253 1912 313 1976 sibi
336 1912 465 1977 ridetur
487 1911 597 1987 (Herc.
621 1910 689 1978 Oet.
717 1914 796 1977 1002
820 1913 892 1996 sq.).
916 1949 955 1957 --

341 2012 454 2078 Trach.
482 2016 577 2078 1112:
600 2000 626 2078 ὦ
648 2011 768 2099 τλῆμον
784 2005 922 2092 ‘Eli-cic,
947 2011 1071 2090 πένθος
1093 2001 1161 2078 οἷον
1187 2008 1303 2096 εἰσορῶ

604 2112 748 2195 ἕξουσαν,
772 2107 884 2200 ἀνδρὸς
906 2111 999 2178 roids'
1021 2108 1100 2199 γἐί
1123 2112 1325 2201 σφολίσοται

255 2238 313 2282 suo
338 2217 460 2284 Seneca
480 2219 579 2283 choro
602 2216 716 2282 tribuit
738 2215 867 2282 uberius
889 2217 1073 2282 tractanda:
1094 2219 1149 2300 qui
1170 2217 1294 2282 vindice
1315 2216 1433 2280 amisso
1453 2215 1611 2280 mundum
1633 2215 1750 2280 futuris
1765 2217 1917 2282 monstris
1932 2216 2093 2282 obiectum

253 2327 388 2404 questus
409 2319 520 2406 (Herc.
544 2321 613 2385 Oet.
636 2321 819 2402 1518-45)
842 2320 959 2402 pergit:

342 2423 607 2506 15452p1an0rus
628 2424 800 2487 immensas
822 2428 952 2488 resonet
971 2441 1028 2504 per
1049 2417 1144 2484 urbes

460 2533 493 2590 et
514 2545 621 2590 comas
644 2523 733 2589 nullo
756 2523 924 2590 cohibente
946 2523 1030 2587 nodo

458 2625 593 2691 feminae
617 2634 760 2692 exsertos
780 2627 898 2692 feriant
918 2625 1066 2690 lacertos.

407 2731 512 2812 Atque
546 2731 578 2794 in
610 2730 723 2794 eadem
751 2731 910 2794 sententia
951 2727 1120 2794 Alcmenae
1153 2726 1399 2792 lamentationes
1435 2735 1604 2791 versantur
1641 2727 1732 2792 Herc.
1771 2725 1838 2791 Oet.
1875 2727 2093 2795 1863-1910.

254 2836 281 2898 A
304 2833 440 2898 Graecia
462 2833 612 2896 nimirum
634 2831 755 2896 Seneca
775 2832 818 2896 ad
840 2840 1000 2896 terrarum
1024 2829 1147 2907 orbem,
1171 2848 1328 2911 aequora,
1351 2848 1485 2912 superos
1507 2829 1703 2910 progeditur.
1726 2867 1766 2876 ...

338 2934 452 3002 Trach.
479 2936 574 2998 1195:
598 2929 722 3020 πολλίν
742 2931 801 3016 μὲν
822 2927 897 3019 λλον
917 2934 973 3019 τῆς
991 2927 1189 3016 βοθτορίζοο
1208 2927 1302 3016 δρυὸς

472 3101 478 3118 ,
597 3031 757 3120 scipsum,
782 3032 904 3100 πολλὸν
919 3035 948 3098 d'
965 3027 1068 3116 ἄρσεν’
1085 3030 1254 3117 ἐκτεμὸνθ’
1277 3026 1356 3115 brach
1379 3024 1489 3119 ίίγριον
1510 3027 1628 3099 ἔλαιον.

406 3138 494 3202 Haec
517 3137 644 3204 brevius
664 3139 815 3221 leguntur

338 3241 432 3307 Herc.
455 3243 524 3306 Oet.
551 3243 646 3306 1483:
670 3241 824 3305 caedatur
846 3243 949 3306 omnis
970 3240 1050 3306 silva
1071 3248 1104 3303 et
1127 3237 1282 3303 Oetaeum
1295 3257 1407 3302 nemus
1421 3239 1591 3320 conripite,

413 3342 559 3426 pluribus
578 3340 683 3408 verbis
698 3349 892 3408 enarrantur
913 3343 1005 3410 Herc.
1029 3342 1098 3407 Oet.
1123 3341 1302 3407 1618-41.
1326 3377 1364 3386 -

407 3444 521 3510 Trach.
548 3448 644 3511 1199:
666 3439 740 3529 γόου
762 3441 798 3508 δὲ
818 3441 917 3532 perdes
938 3439 1051 3509 εἰσίτω
1072 3439 1181 3526 δάνον.

339 3548 433 3616 Herc.
457 3547 527 3612 Oet.
551 3551 647 3612 1497:
670 3555 771 3630 tuque
790 3550 860 3632 ipsa
882 3546 1031 3630 planctus
1052 3567 1135 3628 pone
1156 3543 1317 3619 funereos,
1340 3535 1467 3625 precor,
1490 3563 1509 3605 0
1532 3542 1621 3607 clara
1641 3545 1796 3625 genetrix.
1820 3541 1858 3606 cf.
1884 3536 1975 3607 1507.

345 3655 438 3716 1673:
471 3649 612 3715 deforme
635 3649 749 3724 letum,
783 3658 900 3727 mater,
933 3649 1127 3714 Herculeum
1152 3646 1243 3724 facis,

469 3771 633 3836 compesce
656 3752 819 3829 lacrimas,
853 3753 970 3834 inquit,
1007 3753 1163 3816 introrsus
1186 3747 1278 3813 dolor
1300 3746 1456 3812 femineus
1478 3745 1573 3811 abeat
1593 3768 1620 3810 e.
1643 3768 1675 3828 q.
1697 3767 1721 3811 s.

404 3856 510 3936 Atque
531 3853 636 3920 effecit
657 3855 705 3918 vir
727 3855 820 3918 fortis
841 3853 928 3920 laeto
954 3863 986 3918 et
1007 3873 1120 3918 securo
1146 3850 1251 3929 vultu,
1279 3856 1316 3914 ut
1337 3847 1414 3913 flere
1441 3851 1576 3931 puderet
1600 3869 1669 3926 eos,
1693 3851 1747 3931 qui
1775 3849 1878 3912 funeri
1905 3851 2091 3913 intererant.

254 3957 348 4021 Herc.
372 3957 441 4022 Oet.
468 3958 549 4022 1686
573 3977 618 4038 sq.
664 3957 713 4021 Ob
735 3957 822 4038 quod
845 3957 1021 4020 laudantur
1042 3955 1085 4020 ab
1107 3953 1162 4018 illo
1185 3975 1212 4018 v.
1237 3954 1319 4018 1738
1340 3971 1388 4033 sq.

408 4057 474 4122 Nec
499 4067 627 4122 tantum
654 4059 800 4138 augendo
825 4068 857 4122 et
883 4057 1109 4140 amplificando
1137 4055 1259 4121 Seneca
1293 4056 1444 4118 nouitatis
1479 4055 1617 4134 speciem
1648 4055 1818 4137 quaesivit,
1849 4053 1906 4116 sed
1933 4055 2095 4116 contraxit

253 4162 351 4226 etiam
375 4170 408 4224 et
428 4163 544 4244 coegit,
573 4181 656 4244 qnae
683 4160 780 4225 latius
807 4169 840 4225 et
867 4159 1012 4226 diffusius
1036 4161 1068 4223 in
1097 4155 1272 4240 exemplari
1297 4178 1355 4222 suo
1383 4163 1525 4221 tractata
1551 4158 1680 4221 invenit.
1726 4155 1795 4220 Hoc
1821 4156 1907 4220 idem
1933 4155 2093 4220 Braunius

253 4264 349 4346 (mus.
374 4263 474 4327 Rhen.
498 4268 548 4340 20,
572 4267 713 4338 278—9‚·
732 4265 782 4340 32,
805 4266 927 4349 75—6)
949 4261 1103 4344 exemplis
1124 4259 1310 4338 illustravit,
1338 4259 1455 4342 quibus
1474 4280 1514 4324 ex
1537 4259 1675 4324 Hercule
1698 4258 1817 4324 Oetaeo
1846 4266 2010 4339 sumptum
2031 4257 2093 4324 hoc

252 4374 360 4448 potest
382 4366 467 4432 eddi.
513 4365 611 4431 Nesso
635 4367 800 4429 nominato
822 4366 909 4448 apud
932 4363 1122 4448 Sophoclem
1144 4361 1300 4426 Hercules
1316 4364 1435 4426 instare
1450 4360 1509 4426 sibi
1526 4381 1711 4444 supremum
1729 4363 1813 4424 vitae
1829 4360 1911 4424 diem
1931 4363 2094 4442 cognoscit

251 4488 292 4532 ex
320 4467 446 4532 duobus
473 4467 610 4532 oraculis
638 4469 713 4532 clim
741 4470 878 4550 acceptis
909 4467 1040 4552 (Trach.
1071 4468 1260 4548 1159-73).
1306 4465 1377 4529 Duo
1407 4465 1487 4528 haec
1519 4463 1652 4528 oracula
1683 4463 1811 4528 miscuit
1841 4463 1961 4528 Seneca
1988 4471 2022 4527 et
2047 4466 2094 4528 ita

253 4571 427 4646 contraxit,
457 4579 492 4634 ut
515 4572 599 4634 idem
622 4571 671 4633 bis
692 4573 814 4635 editum
829 4591 897 4636 esse
917 4571 1063 4635 videatur
1078 4567 1188 4649 (Herc.
1205 4567 1274 4630 Oet.
1293 4570 1488 4649 1472-80):
1509 4587 1529 4628 a
1543 4575 1671 4630 mortuo
1697 4565 1868 4630 Herculem
1891 4565 2093 4631 interfectum

255 4675 302 4734 iri.
348 4673 417 4737 Hoc
441 4693 514 4736 vero
538 4672 646 4755 elegit,
672 4682 708 4736 ut
727 4673 933 4756 magnificum
956 4671 1034 4736 illud
1057 4671 1133 4734 addi
1156 4678 1279 4752 posset:

339 4795 365 4837 v.
390 4777 485 4840 1480:
508 4797 548 4839 ne
569 4778 641 4858 quis
661 4782 823 4858 superstes
845 4774 993 4839 Herculis
1016 4775 1116 4838 victor
1137 4773 1229 4838 foret.

408 4877 578 4942 Praeterea
615 4879 716 4942 altero
753 4876 883 4943 oraculo
918 4876 987 4960 (illo
1020 4878 1087 4958 ipso
1125 4875 1178 4939 die
1206 4873 1303 4938 finem
1335 4873 1402 4938 fore
1436 4873 1566 4938 Herculi
1597 4873 1773 4956 laborum),
1805 4894 1869 4955 quo
1896 4874 1940 4938 ad
1967 4875 2092 4938 initium

253 4976 382 5041 fabulae
407 4977 580 5061 Sophocles
604 4981 733 5062 respicit
755 4979 883 5062 (Trach.
907 4983 946 5044 79
970 4981 1045 5061 sq),
1070 4979 1204 5055 Seneca,
1226 4998 1300 5041 cum
1321 4975 1405 5040 hanc
1427 4984 1552 5057 partem
1581 4976 1766 5058 tragoediae
1793 4979 1960 5058 omisisset,
1988 4977 2093 5040 miuus

254 5081 301 5144 uti
324 5082 440 5162 potuit.
486 5081 586 5146 Simul
614 5105 687 5147 cum
719 5085 931 5146 contraxisset
956 5103 1037 5157 rem,
1072 5103 1134 5145 non
1163 5081 1269 5162 potuit
1295 5099 1357 5142 uon
1390 5077 1558 5160 complere.
1603 5075 1681 5140 Cum
1718 5080 1801 5141 enim
1830 5077 2003 5160 Sophocles
2030 5098 2091 5141 non

253 5181 373 5246 diserte
396 5183 543 5262 dixisset,
564 5187 618 5249 ubi
642 5185 781 5250 alterum
804 5183 970 5247 oraculum
993 5183 1104 5246 datum
1128 5191 1212 5246 essct
1235 5178 1317 5264 ,Apol
1340 5177 1400 5264 γὰρ
1413 5167 1429 5265 ᾖ
1433 5205 1450 5242 ν
1465 5176 1650 5265 πρόφαντον
1665 5175 1701 5242 ἓν,
1717 5175 1842 5262 πατρὸς
1858 5176 1964 5242 πάλαι
1985 5183 2092 5254 11591,

255 5283 374 5350 Seneca
399 5285 538 5370 Delphos
570 5287 662 5351 linxit
696 5286 817 5352 oraculi
850 5287 955 5350 locum
983 5285 1129 5361 alterius,
1160 5285 1294 5348 alterius
1328 5282 1496 5346 Dodonam
1524 5305 1562 5347 ex
1591 5281 1748 5364 Sophocle
1779 5285 1907 5363 recepit.
1953 5282 2093 5357 Accedit,

1907 5387 1938 5439 3*
