4717 5734
1100 357 1180 448 --1.5,
1233 445 1248 448 -

390 591 459 657 Hoc
486 612 561 656 vero
590 591 728 668 Senecae
753 591 905 656 Deianira
931 589 1030 658 habet
1051 603 1314 656 commnnc'cum
1337 589 1528 674 Sophoclea:
1555 601 1644 658 amat
1666 595 1735 675 ipsa
1756 611 1885 675 quoque
1907 593 2080 661 Herculem

237 707 281 757 ac
303 702 371 757 totu
400 695 507 758 animo
534 703 567 758 et
594 702 701 759 mente
720 700 824 772 amat,
849 712 1046 775 quamquam
1068 692 1253 775 saepissime
1275 693 1439 774 praevalet
1461 692 1552 758 dolor
1573 695 1684 759 reiecti
1706 696 1834 761 amoris.
1879 696 1962 778 Lege
1985 695 2080 767 haec:

353 799 430 861 449:
453 796 559 864 Nata:
583 798 724 860 Amorne
738 795 817 860 olari
837 793 924 878 fugit
940 793 1073 860 Alcidae
1094 792 1173 858 tibi?

442 898 510 964 Dei.
555 898 627 964 Non
651 898 742 981 fugit,
766 897 872 974 altrix,
896 906 1042 964 remanet
1063 903 1096 960 et
1113 897 1241 980 penitus
1261 897 1354 960 sedet

441 999 526 1065 fixus
547 1000 705 1076 medullis,
729 1001 837 1065 crede:
859 1000 916 1066 sed
938 1019 1073 1084 magnus
1094 998 1188 1064 dolor

442 1105 545 1167 iratus
567 1124 658 1167 amor
680 1109 736 1168 est.

391 1207 436 1269 Ac
459 1225 531 1270 cum
554 1206 595 1270 de
616 1204 707 1270 fatali
731 1206 837 1288 pallae
857 1202 1271 1278 illinscffeetuconstiterit,
1294 1208 1432 1284 utraque
1454 1202 1531 1268 forti
1551 1207 1659 1270 animo
1681 1204 1800 1271 funesh
1819 1214 1937 1272 erroris
1960 1228 2079 1289 poenas

236 1316 340 1372 morte
367 1307 490 1373 solvere
518 1308 693 1372 constitnit.
740 1307 854 1390 Itaque
878 1307 976 1372 Leoni
1000 1327 1063 1372 non
1086 1306 1293 1381 assentimur,
1320 1305 1377 1386 qui
1407 1304 1473 1389 (ed.
1497 1304 1606 1371 Seneo.
1627 1313 1711 1390 trag.
1732 1306 1757 1385 1,
1778 1329 1809 1390 p.
1833 1310 1912 1393 72),
1935 1310 2079 1378 versibus

235 1415 296 1474 571
320 1431 366 1493 sq.
393 1413 498 1476 nixus:
549 1409 653 1487 „haec
680 1409 847 1487 Deianira,
875 1412 992 1492 inquit,
1019 1408 1160 1474 mendax
1183 1415 1233 1472 est
1253 1414 1288 1470 et
1309 1405 1435 1492 dolosa,
1460 1426 1523 1473 nou
1545 1417 1583 1472 ut
1604 1409 1692 1491 apud
1715 1409 1904 1492 Sophoclem
1928 1413 2077 1491 candida,

235 1513 327 1577 Nessi
352 1511 465 1576 frande
487 1513 631 1596 decepta
656 1512 784 1578 dulcem
807 1533 896 1594 spem
918 1511 1080 1577 forensia
1104 1511 1209 1576 anxiis
1229 1528 1338 1577 rernm
1359 1512 1530 1592 angustiis:
1556 1510 1656 1594 proba
1674 1512 1738 1576 ista
1759 1512 1828 1589 scit,
1851 1515 1930 1595 quid
1951 1517 2079 1599 coniugi

237 1617 359 1690 mittat;
387 1634 451 1696 quo
479 1615 617 1697 scriptor
646 1615 706 1680 sibi
730 1616 875 1680 constitit
897 1623 929 1678 et
952 1615 1038 1678 necis
1061 1612 1229 1678 consilium
1251 1611 1379 1676 firmum
1400 1619 1509 1676 tenere
1531 1611 1620 1677 illam
1639 1612 1741 1678 voluit
1764 1635 1823 1679 nee
1844 1617 1931 1697 quod
1953 1619 2078 1682 nutrice

235 1715 366 1780 absence
398 1717 508 1781 Amori
535 1737 646 1799 preces
672 1717 791 1795 fundit,
830 1717 864 1780 id
891 1715 1051 1780 exanimi
1072 1717 1235 1779 sententia
1261 1713 1366 1778 faeere
1387 1713 1476 1780 illam
1499 1715 1626 1780 credas:
1659 1715 1791 1780 adstant
1813 1718 1898 1782 enim
1919 1719 2077 1794 mulieres,

234 1839 314 1900 quas
336 1817 395 1883 sibi
419 1839 458 1883 ex
481 1820 588 1901 patria
609 1822 741 1884 comites
763 1819 925 1883 duxerat“
949 1819 1053 1902 (581).
1098 1815 1169 1895 Qua
1191 1820 1223 1882 in
1245 1837 1281 1881 re
1302 1837 1323 1880 a
1345 1837 1420 1880 vero
1439 1815 1606 1884 aberrasse
1632 1819 1736 1882 virum
1760 1817 1891 1884 doctum
1913 1821 1994 1886 vidit
2015 1824 2078 1886 iam

233 1920 357 1984 Birtins
379 1925 474 2002 (mus.
499 1920 603 1986 Rhea.
627 1925 677 1999 34,
700 1943 731 2004 p.
756 1925 815 1987 511
840 1923 913 2004 sq.).
958 1919 1038 1984 Nam
1063 1921 1202 2004 primum
1225 1919 1355 2000 quidem
1378 1919 1410 1980 in
1431 1917 1582 1998 uersibus,
1606 1941 1687 2002 qnos
1707 1920 1853 1986 laudarit
1874 1921 1948 2000 Leo,

341 2027 418 2088 571:
444 2044 521 2107 cape
545 2022 602 2087 hos
624 2025 768 2092 amiotus.
792 2032 904 2090 nostra
925 2042 1006 2104 qnos
1028 2022 1115 2086 nevit
1136 2041 1259 2097 manns,

439 2123 514 2188 dnm
537 2145 635 2209 vagus
657 2129 688 2192 in
714 2127 791 2192 orbe
815 2127 916 2190 l'ertur
939 2133 972 2189 et
992 2125 1095 2188 vietus
1117 2143 1204 2187 mero

438 2233 526 2291 tenet
548 2227 644 2292 feroci
668 2227 804 2312 Lydiam
827 2229 944 2294 cremia
968 2247 1093 2303 nurum,

438 2330 516 2393 dnm
538 2333 641 2412 poscit
655 2329 759 2408 Jolen,

231 2432 310 2513 qnid
333 2433 428 2508 inest,
451 2433 539 2515 quod
561 2431 708 2497 fraudem
737 2434 870 2513 resipiat
892 2439 925 2496 ct
947 2430 1056 2495 dolum
1080 2437 1113 2492 et
1135 2431 1222 2494 necis
1244 2428 1432 2494 consilium?
1475 2428 1564 2494 Nihil
1588 2431 1738 2512 equidem
1762 2433 1868 2508 vide03
1895 2434 1952 2498 sed
1980 2435 2077 2499 rerba

230 2539 307 2598 suut
328 2536 472 2616 coniugis
495 2533 633 2599 offensae
656 2542 689 2599 et
710 2554 805 2616 aegre
829 2532 968 2610 ferentis,
993 2532 1080 2614 qnod
1102 2551 1160 2614 pro
1180 2529 1244 2596 fide
1267 2539 1301 2596 et
1321 2533 1477 2596 memoria
1497 2532 1620 2597 sincere
1641 2543 1769 2598 servata
1790 2540 1883 2600 tacita
1903 2534 2076 2602 infidelitas

230 2635 395 2701 reddatur.
452 2636 602 2701 Ceterum
634 2635 762 2701 eoadem
794 2635 860 2700 lere
890 2656 1003 2700 sensus
1029 2635 1166 2716 spirant,
1198 2654 1280 2715 quoa
1303 2631 1472 2714 Sophoclei
1501 2655 1612 2700 versus
1635 2637 1711 2702 5382
1737 2634 2010 2723 παρεισδέδεγμαι

231 2735 373 2825 dephcha
416 2736 591 2824 ἐμπόλημα
635 2741 691 2815 τῖς
730 2736 806 2824 ἐμῇς
841 2734 954 2823 φρενὸς
990 2744 1024 2801 et
1057 2740 1133 2802 540:
1183 2732 1288 2800 τοιάδ’
1324 2730 1489 2822 ‘Heorta
1531 2775 1572 2786 -
1613 2733 1745 2822 olaolcc’
1785 2732 1977 2821 ἀντέπεμψε
2019 2743 2077 2804 τοῖ·

230 2842 354 2924 μακροῦ
375 2838 494 2925 χρόνον.
544 2840 610 2906 Nec
643 2848 791 2906 constare
813 2840 873 2905 sibi
894 2849 972 2922 puto
995 2848 1168 2916 auctorem,
1189 2840 1217 2905 si
1239 2840 1301 2904 scit
1323 2838 1474 2904 Deianira
1496 2857 1531 2904 ea
1552 2843 1651 2905 missa
1671 2839 1760 2922 palla
1783 2841 1954 2906 Herculem
1977 2843 2076 2906 inter·

232 2941 389 3007 lecturam
418 2965 494 3009 esse.
545 2943 638 3022 Quod
665 2944 691 3007 si
715 2945 790 3024 scit,
817 2944 872 3025 qui
895 2944 957 3007 erit
979 2961 1088 3006 rerum
1111 2959 1300 3024 progressus
1325 2950 1384 3006 aut
1406 2963 1476 3018 cur,
1491 2939 1539 3005 ‘id
1561 2942 1648 3024 quod
1671 2943 1815 3025 postulat
1836 2953 1870 3009 et
1891 2943 2021 3028 mythos
2043 2952 2076 3010 et

231 3047 410 3127 tragoedia,
443 3055 581 3112 mortem
614 3043 675 3110 sibi
705 3044 821 3108 inferet
847 3045 1018 3110 Deianira?
1063 3040 1129 3106 Nec
1156 3063 1240 3124 qnae
1267 3045 1477 3122 antecedunt,
1504 3043 1619 3110 leonis
1645 3045 1827 3127 opinionem
1854 3045 2074 3128 comprobant.

230 3147 313 3212 Narn
342 3148 415 3212 inde
442 3170 462 3212 a
487 3170 514 3212 v.
544 3153 605 3212 452
641 3148 750 3211 nutrix
783 3155 815 3210 et
843 3147 995 3211 Deianira
1023 3153 1133 3228 aperte
1158 3147 1314 3227 cogitant,
1341 3146 1503 3229 quomodo
1531 3147 1668 3212 amissus
1689 3145 1838 3212 Herculis
1859 3168 1949 3212 amor
1972 3151 2076 3231 possit

230 3249 444 3315 reconciliari:

314 3356 393 3418 452:
803 3351 936 3414 Artibus
958 3350 1089 3432 magicis
1111 3350 1176 3414 lere

435 3455 585 3537 coniugia
607 3459 725 3534 nuptas
748 3452 897 3535 precibus
920 3453 1073 3518 admixtis
1095 3451 1206 3534 ligant.

315 3563 392 3623 464:
436 3555 602 3622 flectemus
627 3554 725 3632 illnm,
749 3555 892 3620 carmina
915 3555 1078 3619 invenient
1100 3555 1169 3620 iter.

315 3665 392 3725 472:
430 3657 549 3722 Nutrit.
571 3657 655 3722 Vicit
675 3665 708 3723 et
729 3677 863 3740 superos
884 3659 992 3721 Amor.

434 3762 502 3824 Dei.
547 3761 701 3824 Vincetur
724 3761 779 3824 uni
801 3759 909 3824 forsan
933 3766 966 3822 et
985 3758 1123 3841 spolium
1144 3757 1237 3822 dabit

436 3865 599 3944 Amorque
621 3881 766 3926 summus
787 3860 843 3926 fiet
864 3860 995 3925 Alcidae
1016 3860 1118 3928 labor.

385 3967 429 4029 Ac
453 3965 574 4030 Nessus
596 3966 673 4047 ipse,
697 3986 769 4028 cnm
793 3963 905 4028 tabum
927 3962 1098 4027 Deianirae
1121 3963 1274 4039 traderet,
1298 3961 1378 4026 haec
1398 3961 1496 4026 verba
1516 3962 1701 4027 addiderat:

317 4071 391 4133 523:
429 4067 499 4146 hoo,
523 4069 636 4150 inquit,
661 4087 773 4148 magas

434 4171 542 4234 dixero
563 4190 705 4234 amorem
727 4191 819 4251 posse
841 4167 935 4250 defigi
957 4168 1051 4232 malo.

383 4270 429 4334 De
451 4272 571 4355 philtro
594 4291 669 4354 ergo
693 4273 799 4352 agitur
826 4279 858 4335 et
888 4271 984 4354 plane
1006 4293 1027 4335 a
1049 4268 1181 4336 consilio
1211 4269 1307 4332 medo
1333 4272 1497 4351 proposito
1524 4271 1691 4334 aberraret
1717 4271 1883 4346 Deianira,
1905 4274 1931 4336 si
1956 4293 2072 4338 necare
2132 4283 2136 4288 ’

226 4373 399 4437 Herculem
419 4375 446 4437 ei
471 4377 501 4438 in
524 4376 630 4439 animo
653 4382 745 4438 esset.
792 4375 833 4437 llt
857 4374 942 4457 cepit
966 4372 1133 4438 consilium
1161 4372 1372 4435 interficiendi
1399 4372 1506 4435 mariti
1534 4374 1612 4455 (436
1639 4395 1686 4454 sq.
1715 4373 1753 4437 cf.
1776 4378 1840 4439 315
1862 4374 1934 4455 sq).
1980 4375 2072 4458 Cepit

229 4477 378 4539 nimirum
399 4477 498 4540 animi
521 4477 768 4558 intemperantia
790 4477 925 4558 abrepta
948 4483 981 4539 et
1002 4482 1175 4557 postquam
1201 4476 1325 4556 primns
1353 4475 1419 4537 irae
1442 4481 1474 4536 et
1497 4475 1725 4556 indignationis
1751 4478 1888 4558 impetus
1914 4477 2072 4544 deferuuit

228 4587 260 4640 ct
296 4599 410 4642 novam
446 4597 535 4660 spem
572 4579 783 4660 recuperandi
820 4579 927 4641 mariti
966 4577 1074 4640 nutrix
1109 4577 1263 4651 ostendit,
1301 4577 1411 4640 mitius
1444 4578 1579 4641 miserae
1617 4580 1695 4642 sorti
1725 4579 1902 4642 remedium
1934 4583 2071 4662 quaerit.

228 4679 482 4745 infirmissimum
507 4702 580 4744 vero
602 4690 663 4756 est,
687 4681 774 4763 qnod
797 4680 910 4744 ultimo
930 4679 1000 4744 lucc
1025 4679 1087 4742 Leo
1110 4680 1286 4762 proposuit.
1332 4677 1444 4761 Neque
1464 4678 1549 4744 enim
1572 4687 1679 4762 antea,
1702 4701 1775 4744 cum
1798 4689 1908 4762 aperte
1931 4681 1971 4746 de
1995 4704 2071 4748 nece

227 4783 333 4846 mariti
355 4784 525 4865 cogitaret,
549 4783 680 4848 chorum
706 4783 857 4848 Deianira
880 4785 982 4848 verita
1005 4789 1067 4846 est:
1089 4803 1174 4845 nnnc
1197 4784 1294 4865 igitur
1314 4803 1372 4846 our
1393 4785 1561 4846 vereatur?

379 4885 425 4948 Ut
447 4886 607 4960 Deianira,
630 4889 675 4948 ita
698 4887 832 4950 nutricis
855 4885 996 4950 indolem
1020 4884 1139 4948 Seneca
1161 4884 1258 4966 plane
1281 4886 1427 4948 mutavit.
1471 4884 1583 4966 Neque
1603 4892 1661 4960 est,
1683 4886 1769 4950 unde
1789 4889 1892 4970 magis
1907 4887 2069 4972 „prolapsi

226 4988 255 5049 in
281 4989 358 5051 vitia
380 4987 498 5051 saeculi
521 5007 654 5069 pravam
678 4989 963 5052 consuetudinem“
986 4988 1088 5069 possis
1110 4988 1237 5053 sentire.
1281 4986 1386 5050 Multo
1407 4990 1490 5052 enim
1507 4989 1670 5070 grauiores
1687 4989 1774 5069 apud
1791 4989 1945 5054 Senecam
1960 4995 2069 5054 nutrix

224 5095 385 5153 sustentat
406 5098 513 5170 partes
536 5111 634 5172 qnam
655 5090 742 5172 apud
766 5089 965 5174 Sophoclem.
1011 5088 1189 5171 Sophoclea
1214 5091 1298 5154 cuim
1319 5091 1556 5156 modestissima
1578 5092 1638 5153 nisi
1660 5099 1813 5154 excusata
1837 5091 1966 5167 (Trach.
1988 5095 2069 5171 523.

226 5195 279 5272 59)
303 5190 471 5256 consilinm
505 5213 578 5256 erac
600 5193 677 5256 dare
699 5214 762 5256 non
786 5193 892 5257 audet.
937 5190 1286 5258 Anrraeanaliberrimc
1301 5193 1389 5258 etde
1405 5193 1536 5258 dominia
1558 5193 1680 5258 iudicat
1694 5193 1803 5274 (Hero.
1820 5193 1889 5258 Oet.
1906 5197 2069 5268 aas-oo)

225 5301 257 5354 et
286 5313 356 5356 eam
389 5314 498 5358 coram
530 5294 689 5376 vituperat
720 5297 800 5378 (275
831 5317 877 5378 sq.
911 5301 984 5362 314.
1014 5295 1092 5378 439)
1124 5301 1156 5357 ct
1188 5292 1334 5359 Herculis
1365 5315 1491 5361 amores
1525 5315 1639 5377 parum
1672 5297 1850 5360 verecunde
1884 5299 2071 5380 perstringit
