4717 5734
1137 344 1156 405 9

1050 431 1252 438 .—--—-—--

381 585 450 656 Quo
470 583 573 662 posito
590 601 629 644 ue
645 579 694 644 his
711 579 842 661 quidem
856 581 958 644 scenis
974 579 1103 642 laudem
1125 581 1288 659 quandam
1311 599 1428 662 negare
1451 601 1629 662 possumus.
1674 580 1768 644 Latet
1788 583 1873 645 enim
1895 581 1928 644 iu
1937 578 2072 642 tumidis

158 719 171 738 ·
226 680 428 746 orationibus
455 684 649 763 optimarum
676 682 910 746 sententiarum
938 701 1055 763 magna
1078 683 1170 762 eopia
1197 682 1276 746 satis
1309 689 1383 764 apte
1417 682 1582 763 disposita.
1636 682 1779 747 Primum
1805 683 1890 746 onim
1917 681 2072 745 Alcmena

228 783 398 848 Herculem
426 805 555 866 quoqne
578 785 674 857 morti
697 785 837 865 potuisse
861 782 1067 848 succumbere
1091 785 1239 864 queritur
1260 789 1302 864 (v.
1326 785 1563 866 lits-1776),
1585 787 1665 849 mori
1686 786 1757 867 ipsa
1779 783 1869 867 cupit
1890 789 1981 848 tanto
2004 781 2070 853 fflic

226 888 353 967 privata
381 887 592 970 (ltro-78),
627 887 746 950 invidet
776 885 1000 970 Amphitryoni
1028 884 1163 950 florente
1190 892 1266 950 nato
1295 897 1423 950 mortno
1444 888 1660 970 virts-82),
1694 907 1734 951 ex
1760 894 1811 951 tot
1832 885 1887 950 filii
1923 884 2071 950 hostibus

226 988 382 1052 ultionem
403 991 495 1053 timet
518 992 775 1070 (rrae-1796),
804 1006 868 1068 quo
891 985 1071 1070 confugiam
1092 988 1216 1052 consilii
1240 988 1758 1076 inopsdubitat(1796-1821)‚
1781 989 1869 1070 quod
1888 989 2070 1071 sepulcrum

227 1090 398 1154 Herculem
421 1091 542 1166 deceat,
565 1093 685 1174 cogitat
708 1092 915 1173 <isal-27),
939 1097 1100 1172 postremo
1124 1109 1163 1152 ex
1186 1096 1274 1154 metu
1297 1109 1331 1154 se
1351 1091 1466 1174 recipit
1479 1092 1647 1174 praeclare
1662 1110 1794 1172 sperans
1809 1091 1906 1154 etiam
1921 1079 2070 1154 umbram

227 1193 376 1258 Herculis
396 1213 428 1256 se
445 1191 658 1258 defensuram.
704 1191 786 1255 Tvrm
800 1191 914 1274 Hyllus
936 1191 1069 1268 accedit,
1093 1194 1157 1274 qui,
1181 1200 1218 1257 ut
1239 1191 1426 1256 Alcmenam
1448 1194 1642 1272 consoletur,
1665 1199 1831 1259 aeternam
1851 1213 1920 1257 esse
1944 1193 2072 1257 virtutis

225 1297 412 1359 memoriam
435 1294 605 1378 profitetur
627 1295 845 1378 (1831-9).¹t
892 1293 1006 1376 Spreto
1028 1293 1089 1358 hoc
1108 1293 1235 1378 solatio,
1258 1315 1322 1377 qno
1344 1294 1483 1360 feminae
1494 1297 1547 1360 vix
1564 1296 1670 1361 solent
1681 1297 1739 1371 uti,
1761 1297 1879 1359 iterum
1891 1297 1922 1359 in
1938 1302 2071 1377 questus

225 1399 382 1462 Alcmena
409 1397 583 1463 revolvitur
610 1396 865 1482 (ltro-1939).
912 1395 1077 1460 Postremo
1100 1395 1256 1462 Hercules
1278 1405 1428 1480 apparet,
1455 1405 1493 1462 ut
1516 1399 1582 1480 ipse
1605 1398 1718 1464 matris
1740 1397 1881 1462 lacrimis
1903 1405 2071 1462 succurrat

226 1511 257 1564 et
289 1501 382 1563 deum
417 1521 450 1562 sc
484 1520 551 1563 esse
583 1500 769 1580 pronuntiet
797 1499 985 1584 (1940-3).
1034 1497 1100 1562 Nec
1125 1500 1237 1562 statim
1256 1497 1354 1564 fidem
1377 1499 1468 1565 facit:
1495 1501 1537 1566 ab
1559 1500 1669 1566 inseris
1689 1500 1792 1565 filium
1813 1499 1934 1564 redisse
1967 1506 2071 1564 mater

226 1603 409 1684 suspicatur
431 1603 639 1675 (rara—62).
685 1601 766 1666 'lum
791 1603 907 1665 iterum
930 1603 962 1664 in
985 1602 1119 1666 deorum
1141 1621 1311 1666 numerum
1334 1600 1472 1666 relatum
1494 1625 1528 1668 se
1551 1625 1619 1669 esse
1634 1602 1789 1668 Hercules
1804 1601 1911 1679 refert,
1935 1609 2071 1665 matrem

228 1705 305 1769 llere
327 1711 426 1778 vetat,
459 1724 579 1784 poenas
602 1703 772 1787 Eurysthei
795 1704 889 1767 canit.
939 1701 1017 1768 Post
1041 1705 1070 1767 iu
1099 1703 1224 1767 caelum
1250 1703 1357 1769 evolat
1383 1705 1595 1790 (1963-76).
1643 1693 1760 1770 Erecto
1787 1705 1893 1768 animo
1916 1703 2071 1769 Alcmena

228 1829 343 1872 novum
370 1827 487 1871 numen
514 1805 619 1870 colere
645 1807 785 1870 instituit
811 1808 1019 1888 (lert-82).
1065 1804 1190 1870 Chorus
1215 1805 1369 1872 virtutem
1391 1809 1434 1872 ad
1456 1828 1589 1891 superos
1611 1809 1673 1872 iter
1693 1809 1835 1890 pandere
1860 1805 2017 1888 intellegit
2038 1815 2071 1870 et

225 1929 245 1972 a
269 1909 342 1974 divo
368 1908 503 1972 Hercule
526 1908 690 1984 auxilium,
711 1911 737 1972 si
763 1927 862 1971 novae
885 1906 1000 1973 beluae
1023 1909 1178 1984 oriantur,
1201 1909 1284 1990 petit
1305 1908 1515 1994 (1983-96).

380 2028 468 2104 Quae
491 2049 563 2092 enm
587 2027 681 2092 lande
705 2046 767 2090 ivon
792 2026 924 2109 indigna
946 2027 1124 2102 videantur,
1148 2029 1257 2092 mirari
1279 2048 1450 2111 possumus
1472 2030 1702 2107 condicionem,
1725 2048 1791 2112 qna
1811 2049 1874 2092 non
1892 2029 2069 2092 detestare

225 2129 306 2192 baec
330 2137 505 2211 nequeunt:
534 2132 563 2193 iu
587 2149 665 2212 rogo
688 2128 858 2194 Herculem
881 2131 963 2193 mori
986 2131 1087 2193 visum
1111 2151 1188 2195 csse.
1234 2131 1385 2196 Fortasse
1407 2139 1516 2196 autem
1538 2131 1689 2196 scribenti
1713 2131 1852 2197 Senecae
1875 2132 1904 2194 in
1930 2139 2069 2194 montem

226 2233 313 2296 venit
352 2230 496 2308 Homeri,
531 2235 584 2314 qui
606 2231 681 2313 (Od.
702 2235 759 2308 ll(
773 2235 832 2298 601
858 2233 920 2316 sq.)
943 2225 1076 2296 εἴδωλον
1104 2230 1250 2297 Herculis
1275 2231 1362 2315 apud
1384 2233 1502 2298 inferos
1524 2237 1657 2314 versari,
1684 2236 1789 2317 ipsum
1812 2234 1946 2298 deorum
1968 2231 2070 2315 apulia

225 2334 378 2398 delectari
415 2343 534 2399 narrat.
584 2334 754 2398 Mortalem
787 2335 885 2416 igitur
913 2333 1082 2398 Herculem
1110 2355 1130 2397 a
1157 2335 1264 2399 divino
1292 2335 1415 2400 dividit.
1466 2336 1566 2413 Quem
1594 2344 1723 2402 secutus
1752 2336 1873 2401 Seneca
1897 2333 2069 2399 Herculem

224 2436 384 2500 dicentem
409 2437 499 2500 facit:
923 2445 927 2454 '

316 2541 411 2604 1966:
616 2537 775 2620 quidquid
797 2539 827 2602 in
851 2538 943 2603 nobis
965 2539 1012 2602 tui

431 2640 565 2704 mortale
586 2640 700 2717 luerat,
722 2641 802 2721 ignis
824 2643 945 2704 evictus
966 2640 1093 2724 tulit:²)

432 2750 569 2826 paterna
592 2742 688 2818 caelo,
713 2763 787 2823 pars
810 2743 888 2806 data
911 2749 960 2806 cst
980 2741 1118 2806 flammis
1141 2747 1207 2805 tua.

382 2845 446 2909 Cur
476 2867 564 2921 vero,
590 2867 662 2909 curn
694 2853 790 2909 antea
810 2865 867 2927 per
892 2845 1107 2909 narrationem
1131 2863 1199 2906 rem
1221 2846 1351 2926 egisset,
1375 2864 1473 2910 novas
1494 2845 1552 2908 has
1574 2865 1686 2909 acerras
1708 2865 1899 2926 componere
1921 2843 2070 2908 maluerit

226 2947 357 3022 Seneca,
390 2947 497 3030 plnres
529 2953 662 3029 possunt
685 2947 818 3030 eogitari
842 2967 968 3012 causac.
1013 2945 1155 3023 Quarum
1177 2967 1243 3010 una
1264 2954 1322 3024 est,
1344 2946 1431 3029 qnod
1453 2947 1624 3011 Alcmenae
1645 2946 1744 3011 semel
1765 2947 1798 3008 in
1818 2966 1947 3010 scenam
1969 2947 2071 3011 intro-

227 3051 343 3114 missae
372 3048 445 3130 plus
471 3049 530 3114 loci
558 3049 765 3114 tribuendum
791 3069 858 3113 esse
893 3047 1071 3112 videbatur.
1123 3048 1235 3112 Altera
1260 3055 1321 3126 est,
1353 3051 1441 3131 qnod
1469 3049 1530 3114 nisi
1556 3051 1602 3113 sic
1629 3047 1812 3131 apotheosis
1838 3049 1907 3132 ipsa
1932 3049 1984 3130 agi
2006 3069 2068 3112 uon

227 3152 342 3232 potuit.
388 3150 468 3215 Nam
499 3172 610 3233 rogum
638 3155 668 3215 iu
695 3171 791 3216 scena
818 3153 953 3227 exstrui,
982 3172 1021 3214 ex
1044 3171 1109 3231 quo
1132 3149 1281 3215 heresin
1303 3153 1427 3216 caelum
1449 3150 1604 3228 evolaret,
1631 3172 1669 3214 nc
1694 3151 1815 3216 Seneca
1837 3152 1967 3234 quidem
1988 3150 2070 3216 forte

227 3249 398 3340 tolerabile
425 3255 527 3318 duxit.
576 3254 690 3335 Itaque
719 3256 821 3318 virum
847 3253 963 3317 fortem
989 3253 1093 3335 specie
1120 3253 1251 3335 quidem
1277 3255 1358 3318 mori
1379 3253 1485 3330 finxit,
1512 3275 1547 3317 re
1571 3273 1647 3317 vera
1666 3253 1750 3318 clam
1771 3256 1805 3317 iu
1828 3253 1953 3318 caelum
1975 3251 2069 3328 elabi,

225 3355 312 3418 vinde
346 3357 447 3419 redux
474 3355 569 3419 heros
598 3357 663 3438 ipse
697 3377 729 3422 se
757 3375 908 3438 praesens
936 3355 1031 3419 deum
1058 3363 1196 3419 caneret.
1256 3354 1461 3439 Quantopere
1494 3367 1601 3420 autem
1624 3355 1779 3420 Senecam
1800 3359 1917 3420 iuverit
1938 3357 2016 3421 deos
2037 3358 2068 3420 in

226 3478 357 3520 scuriam
382 3459 523 3532 mittero,
551 3467 661 3522 nutum
686 3466 741 3522 est.
789 3457 929 3534 Accedit,
950 3457 1037 3538 qnod
1061 3458 1162 3521 multo
1185 3459 1288 3522 maior
1308 3458 1526 3542 praebebatur
1548 3479 1717 3523 scenarum
1738 3461 1886 3540 varietas,
1909 3480 1983 3522 cum
2005 3480 2070 3522 una

227 3579 324 3622 seona
337 3562 513 3624 narrationi
534 3559 703 3625 sufficeret.
748 3557 814 3623 Nee
837 3560 1030 3624 levissimum
1055 3567 1112 3636 est,
1134 3561 1222 3641 quod
1244 3561 1371 3643 singula
1393 3568 1427 3625 et
1445 3561 1677 3626 sententiarum
1701 3567 1734 3624 et
1755 3561 1924 3626 verborum
1946 3561 2071 3625 lumina

227 3661 381 3724 Senecam
408 3661 554 3726 allexisse
582 3663 739 3726 videntur.
794 3661 882 3726 Inter
909 3661 988 3725 baec
1019 3669 1107 3726 snut:
1143 3660 1316 3726 Herculem
1344 3664 1375 3726 in
1398 3663 1568 3745 parvulum
1590 3665 1705 3729 cineris
1728 3684 1879 3728 acervum
1901 3665 2068 3728 reductum

226 3785 305 3840 esse,
329 3787 356 3828 v.
378 3765 552 3840 ltus-64,
574 3767 744 3847 praecipue
762 3786 788 3827 v.
807 3767 902 3830 1763:
925 3785 1022 3846 quam
1037 3764 1104 3829 leve
1120 3775 1168 3829 est
1184 3765 1311 3848 pondus
1330 3763 1417 3842 mihi,

407 3873 440 3904 ⁸*
458 3891 462 3898 ·
925 3868 974 3930 cui
992 3872 1079 3930 totus
1095 3867 1209 3932 aether
1227 3868 1353 3948 pondus
1368 3866 1515 3932 incubuit
1532 3867 1608 3932 leve.

372 3973 467 4035 1767:
492 3989 553 4032 nou
577 3975 613 4032 nt
635 3975 667 4032 et
689 3967 826 4050 spolium
848 3967 960 4032 trahas

488 4091 664 4152 rursusque
686 4069 827 4134 Theseus
850 4069 966 4134 debeat
989 4070 1091 4134 lucem
1115 4068 1172 4132 tibi
1198 4107 1238 4118 -

489 4175 545 4236 sed
568 4180 690 4255 quanto
714 4172 821 4236 solus?

375 4277 469 4340 1773:
493 4277 581 4340 vadis
605 4276 648 4340 ad
669 4294 781 4340 manes
803 4277 864 4338 iter
886 4274 1058 4338 belliturus
1082 4295 1190 4336 nuum.
1626 4277 1648 4336 b

385 4535 402 4596 Ι)
423 4531 479 4584 Leo
496 4531 525 4583 in
546 4535 624 4584 textu
643 4539 704 4600 post
714 4549 736 4586 v.
750 4537 822 4587 1839.
842 4531 869 4583 ἰιι
889 4532 979 4586 adiret.
999 4537 1083 4596 postu
1107 4535 1168 4584 1537
1188 4530 1313 4582 lacunam
1333 4528 1431 4582 statuit
1449 4529 1488 4582 sic
1506 4528 1563 4583 lere
1582 4529 1772 4598 supplendam:
1792 4530 1858 4592 (non
1877 4530 1935 4582 sola
1953 4534 2069 4596 maeres)

228 4617 334 4672 vindice
352 4618 451 4672 amisso
470 4615 562 4670 ‹lolent
581 4623 655 4670 terra
672 4621 754 4683 atque
773 4617 884 4684 pelagus
903 4631 1024 4683 quaeque
1044 4631 1194 4682 purpureus
1213 4614 1272 4668 dies
1291 4629 1313 4666 e.
1332 4633 1357 4682 q.
1377 4633 1397 4667 s.

381 4703 432 4757 Sed
452 4703 521 4756 hauc
540 4700 704 4756 sententiam
723 4717 773 4755 av.
794 4703 872 4768 ⁷58l9
890 4702 1030 4754 mutuatus
1049 4707 1104 4754 est:

432 4787 501 4858 Hyll.
521 4803 574 4841 non
592 4787 650 4840 sola
667 4801 772 4841 maeres
790 4785 935 4840 Herculem
953 4791 1012 4840 toto
1031 4785 1103 4838 iacet
1122 4785 1223 4837 mundo
1239 4785 1394 4851 gemendus.

382 4873 451 4926 Tum
474 4874 533 4928 eins
559 4871 632 4926 modi
655 4872 764 4924 omnino
789 4871 857 4926 nihil
880 4871 924 4924 hic
947 4871 1146 4928 desideramus:
1171 4869 1220 4922 sed
1241 4874 1303 4936 post
1325 4887 1348 4924 v.
1369 4875 1432 4926 1531
1453 4886 1491 4937 sq.
1509 4869 1543 4922 de
1561 4869 1670 4923 virtutis
1688 4875 1717 4923 et
1732 4870 1836 4940 gloriae
1862 4872 2070 4925 immortalitate

227 4957 567 5025 qviaedamexspcctamus,
587 4973 656 5026 quiae
674 4965 737 5026 post
755 4975 776 5010 v.
789 4963 853 5013 1839
873 4958 1040 5010 inserantur:
1060 4961 1150 5022 ‚terra
1170 4969 1254 5016 mare,
1272 4954 1362 5008 oriens
1380 4955 1559 5022 occidensque
1577 4960 1709 5008 noverunt
1727 4955 1820 5010 laudes
1831 4955 1955 5011 Herculis
1968 4973 2069 5010 memn-

227 5044 351 5108 rianrqne
369 5043 427 5096 eius
446 5043 486 5096 ita
504 5043 696 5112 sempiternam
715 5043 868 5110 sanabunt,
887 5051 987 5095 utnon
1008 5047 1130 5094 mortuus
1144 5055 1213 5098 esse.
1232 5040 1279 5092 sed
1297 5039 1386 5093 vivere
1403 5038 1451 5092 ille
1470 5039 1609 5092 videatur)

386 5127 405 5176 ²¹
428 5125 538 5180 Frustra
558 5127 614 5180 Leo
637 5129 704 5183 baec
727 5129 809 5182 verba
832 5127 998 5195 impugnavit
1023 5126 1048 5188 (l.
1071 5127 1130 5192 lp.
1151 5129 1202 5179 65l.
1239 5123 1364 5177 Breviter
1385 5124 1457 5177 enim
1479 5124 1633 5176 dictasunt
1652 5125 1774 5192 probis:
1799 5127 1928 5194 quidquid
1946 5127 1974 5178 in
1993 5127 2071 5180 nobis

228 5213 276 5276 tui,
297 5213 344 5266 boe
365 5221 405 5267 ost
427 5212 539 5266 mortale
566 5214 656 5268 fuerat
674 5215 691 5268 i.
712 5231 733 5268 e.
753 5221 771 5269 t.
792 5213 824 5266 el,
846 5213 923 5265 Herc.
944 5211 993 5264 tur.
1017 5217 1093 5266 list:
1131 5209 1220 5263 tacita
1236 5207 1275 5262 sic
1303 5208 1404 5262 abeant
1432 5209 1504 5262 mela
1522 5233 1554 5250 ε
1571 5210 1669 5275 tacita,
1696 5209 1746 5263 hoc
1773 5218 1815 5265 est
1838 5213 1876 5264 sic
1900 5214 1974 5276 (crim
1993 5221 2071 5278 gestu

229 5299 481 5364 pronuntianduml.
501 5313 524 5351 a.
544 5313 577 5350 rn.
