<?xml version="1.0" encoding="UTF-8"?>
<!DOCTYPE html PUBLIC "-//W3C//DTD XHTML 1.0 Transitional//EN"
    "http://www.w3.org/TR/xhtml1/DTD/xhtml1-transitional.dtd">
<html xmlns="http://www.w3.org/1999/xhtml" xml:lang="en" lang="en">
 <head>
  <title>
</title>
<meta http-equiv="Content-Type" content="text/html;charset=utf-8" />
  <meta name='ocr-system' content='tesseract 3.04.00' />
  <meta name='ocr-capabilities' content='ocr_page ocr_carea ocr_par ocr_line ocrx_word'/>
</head>
<body>
  <div class='ocr_page' id='page_1' title='image "./deherculeoetaeo00melzgoog_0007.png"; bbox 0 0 4717 5734; ppageno 0'>
   <div class='ocr_carea' id='block_1_1' title="bbox 693 1413 1664 1542">
    <p class='ocr_par' dir='ltr' id='par_1_1' title="bbox 693 1413 1664 1542">
     <span class='ocr_line' id='line_1_1' title="bbox 693 1413 1664 1542; baseline 0.002 -2"><span class='ocrx_word' id='word_1_1' title='bbox 693 1417 770 1540; x_wconf 89' lang='lat' dir='ltr'><strong>De</strong></span> <span class='ocrx_word' id='word_1_2' title='bbox 815 1417 1046 1540; x_wconf 76' lang='lat' dir='ltr'><strong>Hercule</strong></span> <span class='ocrx_word' id='word_1_3' title='bbox 1091 1413 1297 1541; x_wconf 83' lang='lat' dir='ltr'><strong>Oetaeo</strong></span> <span class='ocrx_word' id='word_1_4' title='bbox 1342 1417 1664 1542; x_wconf 80' lang='lat' dir='ltr'><strong>Annaeum.</strong></span> 
     </span>
    </p>
   </div>
   <div class='ocr_carea' id='block_1_2' title="bbox 194 1888 2103 5381">
    <p class='ocr_par' dir='ltr' id='par_1_2' title="bbox 258 1888 2102 2414">
     <span class='ocr_line' id='line_1_2' title="bbox 415 1888 2102 2009; baseline 0.001 -18"><span class='ocrx_word' id='word_1_5' title='bbox 415 1888 542 1991; x_wconf 80' lang='lat' dir='ltr'><strong>Iterum</strong></span> <span class='ocrx_word' id='word_1_6' title='bbox 566 1945 603 1989; x_wconf 88' lang='lat' dir='ltr'><strong>ac</strong></span> <span class='ocrx_word' id='word_1_7' title='bbox 625 1927 751 2008; x_wconf 81' lang='lat' dir='ltr'><strong>saepius</strong></span> <span class='ocrx_word' id='word_1_8' title='bbox 774 1924 888 2006; x_wconf 86' lang='lat' dir='ltr'><strong>legenti</strong></span> <span class='ocrx_word' id='word_1_9' title='bbox 913 1922 989 1986; x_wconf 94' lang='lat' dir='ltr'><strong>mihi</strong></span> <span class='ocrx_word' id='word_1_10' title='bbox 1015 1922 1185 1987; x_wconf 80' lang='lat' dir='ltr'><strong>Herculem</strong></span> <span class='ocrx_word' id='word_1_11' title='bbox 1209 1922 1365 1987; x_wconf 86' lang='lat' dir='ltr'><strong>Oetaeum</strong></span> <span class='ocrx_word' id='word_1_12' title='bbox 1392 1941 1579 2006; x_wconf 87' lang='lat' dir='ltr'><strong>persuasum</strong></span> <span class='ocrx_word' id='word_1_13' title='bbox 1607 1932 1656 1989; x_wconf 89' lang='lat' dir='ltr'><strong>est</strong></span> <span class='ocrx_word' id='word_1_14' title='bbox 1680 1927 1726 1990; x_wconf 87' lang='lat' dir='ltr'><strong>ita</strong></span> <span class='ocrx_word' id='word_1_15' title='bbox 1749 1945 1811 1990; x_wconf 93' lang='lat' dir='ltr'><strong>non</strong></span> <span class='ocrx_word' id='word_1_16' title='bbox 1835 1947 1903 1991; x_wconf 87' lang='lat' dir='ltr'><strong>esse</strong></span> <span class='ocrx_word' id='word_1_17' title='bbox 1926 1927 2102 2009; x_wconf 86' lang='lat' dir='ltr'><strong>perfectam</strong></span> 
     </span>
     <span class='ocr_line' id='line_1_3' title="bbox 260 2024 2101 2108; baseline 0.001 -16"><span class='ocrx_word' id='word_1_18' title='bbox 260 2028 417 2102; x_wconf 84' lang='lat' dir='ltr'><strong>fabulam,</strong></span> <span class='ocrx_word' id='word_1_19' title='bbox 446 2035 482 2091; x_wconf 89' lang='lat' dir='ltr'><strong>ut</strong></span> <span class='ocrx_word' id='word_1_20' title='bbox 509 2028 651 2091; x_wconf 86' lang='lat' dir='ltr'><strong>omnium</strong></span> <span class='ocrx_word' id='word_1_21' title='bbox 681 2027 928 2090; x_wconf 80' lang='lat' dir='ltr'><strong>burraeauarum</strong></span> <span class='ocrx_word' id='word_1_22' title='bbox 955 2026 1195 2108; x_wconf 87' lang='lat' dir='ltr'><strong>tragoediarum</strong></span> <span class='ocrx_word' id='word_1_23' title='bbox 1223 2025 1314 2089; x_wconf 90' lang='lat' dir='ltr'><strong>nulla</strong></span> <span class='ocrx_word' id='word_1_24' title='bbox 1339 2027 1382 2090; x_wconf 90' lang='lat' dir='ltr'><strong>sit</strong></span> <span class='ocrx_word' id='word_1_25' title='bbox 1407 2024 1631 2107; x_wconf 82' lang='lat' dir='ltr'><strong>imperfectior.</strong></span> <span class='ocrx_word' id='word_1_26' title='bbox 1680 2026 1796 2093; x_wconf 86' lang='lat' dir='ltr'><strong>Insunt</strong></span> <span class='ocrx_word' id='word_1_27' title='bbox 1815 2029 1847 2091; x_wconf 94' lang='lat' dir='ltr'><strong>in</strong></span> <span class='ocrx_word' id='word_1_28' title='bbox 1880 2027 1941 2094; x_wconf 89' lang='lat' dir='ltr'><strong>hac</strong></span> <span class='ocrx_word' id='word_1_29' title='bbox 1974 2050 2101 2107; x_wconf 84' lang='lat' dir='ltr'><strong>scenae,</strong></span> 
     </span>
     <span class='ocr_line' id='line_1_4' title="bbox 258 2127 2102 2214; baseline 0.001 -19"><span class='ocrx_word' id='word_1_30' title='bbox 258 2151 347 2214; x_wconf 63' lang='lat' dir='ltr'><strong>quae,</strong></span> <span class='ocrx_word' id='word_1_31' title='bbox 366 2131 407 2194; x_wconf 84' lang='lat' dir='ltr'><strong>ab</strong></span> <span class='ocrx_word' id='word_1_32' title='bbox 430 2137 573 2206; x_wconf 88' lang='lat' dir='ltr'><strong>auctore,</strong></span> <span class='ocrx_word' id='word_1_33' title='bbox 596 2149 668 2192; x_wconf 89' lang='lat' dir='ltr'><strong>cum</strong></span> <span class='ocrx_word' id='word_1_34' title='bbox 691 2129 731 2192; x_wconf 88' lang='lat' dir='ltr'><strong>de</strong></span> <span class='ocrx_word' id='word_1_35' title='bbox 754 2131 853 2193; x_wconf 90' lang='lat' dir='ltr'><strong>totius</strong></span> <span class='ocrx_word' id='word_1_36' title='bbox 874 2127 1003 2193; x_wconf 87' lang='lat' dir='ltr'><strong>fabulae</strong></span> <span class='ocrx_word' id='word_1_37' title='bbox 1026 2127 1157 2192; x_wconf 91' lang='lat' dir='ltr'><strong>consilio</strong></span> <span class='ocrx_word' id='word_1_38' title='bbox 1181 2134 1215 2191; x_wconf 89' lang='lat' dir='ltr'><strong>et</strong></span> <span class='ocrx_word' id='word_1_39' title='bbox 1236 2127 1350 2190; x_wconf 83' lang='lat' dir='ltr'><strong>ordine</strong></span> <span class='ocrx_word' id='word_1_40' title='bbox 1372 2127 1514 2192; x_wconf 89' lang='lat' dir='ltr'><strong>noudum</strong></span> <span class='ocrx_word' id='word_1_41' title='bbox 1529 2131 1607 2194; x_wconf 89' lang='lat' dir='ltr'><strong>satis</strong></span> <span class='ocrx_word' id='word_1_42' title='bbox 1622 2137 1798 2207; x_wconf 88' lang='lat' dir='ltr'><strong>constaret,</strong></span> <span class='ocrx_word' id='word_1_43' title='bbox 1823 2135 2018 2214; x_wconf 88' lang='lat' dir='ltr'><strong>compositae</strong></span> <span class='ocrx_word' id='word_1_44' title='bbox 2033 2153 2102 2196; x_wconf 87' lang='lat' dir='ltr'><strong>esse</strong></span> 
     </span>
     <span class='ocr_line' id='line_1_5' title="bbox 261 2228 2100 2316; baseline 0.002 -20"><span class='ocrx_word' id='word_1_45' title='bbox 261 2232 438 2296; x_wconf 89' lang='lat' dir='ltr'><strong>videantur.</strong></span> <span class='ocrx_word' id='word_1_46' title='bbox 484 2230 565 2296; x_wconf 88' lang='lat' dir='ltr'><strong>Nam</strong></span> <span class='ocrx_word' id='word_1_47' title='bbox 578 2241 611 2295; x_wconf 91' lang='lat' dir='ltr'><strong>et</strong></span> <span class='ocrx_word' id='word_1_48' title='bbox 627 2231 734 2313; x_wconf 91' lang='lat' dir='ltr'><strong>plures</strong></span> <span class='ocrx_word' id='word_1_49' title='bbox 750 2231 905 2295; x_wconf 87' lang='lat' dir='ltr'><strong>habemus</strong></span> <span class='ocrx_word' id='word_1_50' title='bbox 921 2231 1062 2294; x_wconf 87' lang='lat' dir='ltr'><strong>eiusdem</strong></span> <span class='ocrx_word' id='word_1_51' title='bbox 1080 2228 1202 2293; x_wconf 89' lang='lat' dir='ltr'><strong>consilii</strong></span> <span class='ocrx_word' id='word_1_52' title='bbox 1219 2249 1330 2293; x_wconf 85' lang='lat' dir='ltr'><strong>scenas</strong></span> <span class='ocrx_word' id='word_1_53' title='bbox 1346 2237 1379 2293; x_wconf 92' lang='lat' dir='ltr'><strong>et</strong></span> <span class='ocrx_word' id='word_1_54' title='bbox 1394 2229 1477 2294; x_wconf 91' lang='lat' dir='ltr'><strong>male</strong></span> <span class='ocrx_word' id='word_1_55' title='bbox 1493 2229 1701 2296; x_wconf 76' lang='lat' dir='ltr'><strong>cohaerentes</strong></span> <span class='ocrx_word' id='word_1_56' title='bbox 1716 2241 1748 2295; x_wconf 93' lang='lat' dir='ltr'><strong>et</strong></span> <span class='ocrx_word' id='word_1_57' title='bbox 1764 2235 1848 2297; x_wconf 84' lang='lat' dir='ltr'><strong>iuter</strong></span> <span class='ocrx_word' id='word_1_58' title='bbox 1861 2255 1895 2297; x_wconf 94' lang='lat' dir='ltr'><strong>se</strong></span> <span class='ocrx_word' id='word_1_59' title='bbox 1912 2243 2100 2316; x_wconf 85' lang='lat' dir='ltr'><strong>pugnantes.</strong></span> 
     </span>
     <span class='ocr_line' id='line_1_6' title="bbox 258 2332 1257 2414; baseline -0.003 -15"><span class='ocrx_word' id='word_1_60' title='bbox 258 2335 355 2413; x_wconf 82' lang='lat' dir='ltr'><strong>Quod</strong></span> <span class='ocrx_word' id='word_1_61' title='bbox 378 2343 414 2398; x_wconf 91' lang='lat' dir='ltr'><strong>ut</strong></span> <span class='ocrx_word' id='word_1_62' title='bbox 437 2336 706 2410; x_wconf 76' lang='lat' dir='ltr'><strong>demonstremus,</strong></span> <span class='ocrx_word' id='word_1_63' title='bbox 730 2333 826 2414; x_wconf 90' lang='lat' dir='ltr'><strong>paulo</strong></span> <span class='ocrx_word' id='word_1_64' title='bbox 849 2333 946 2397; x_wconf 89' lang='lat' dir='ltr'><strong>altius</strong></span> <span class='ocrx_word' id='word_1_65' title='bbox 967 2332 1177 2414; x_wconf 85' lang='lat' dir='ltr'><strong>repetendum</strong></span> <span class='ocrx_word' id='word_1_66' title='bbox 1200 2338 1257 2397; x_wconf 89' lang='lat' dir='ltr'><strong>est.</strong></span> 
     </span>
    </p>

    <p class='ocr_par' dir='ltr' id='par_1_3' title="bbox 249 2434 2103 4870">
     <span class='ocr_line' id='line_1_7' title="bbox 414 2434 2103 2518; baseline 0.002 -18"><span class='ocrx_word' id='word_1_67' title='bbox 414 2437 445 2500; x_wconf 91' lang='lat' dir='ltr'><strong>Si</strong></span> <span class='ocrx_word' id='word_1_68' title='bbox 470 2437 646 2502; x_wconf 86' lang='lat' dir='ltr'><strong>secuudum</strong></span> <span class='ocrx_word' id='word_1_69' title='bbox 667 2434 811 2500; x_wconf 88' lang='lat' dir='ltr'><strong>Herculis</strong></span> <span class='ocrx_word' id='word_1_70' title='bbox 834 2435 944 2500; x_wconf 81' lang='lat' dir='ltr'><strong>Oetaei</strong></span> <span class='ocrx_word' id='word_1_71' title='bbox 968 2442 1076 2499; x_wconf 85' lang='lat' dir='ltr'><strong>actum</strong></span> <span class='ocrx_word' id='word_1_72' title='bbox 1099 2434 1206 2498; x_wconf 90' lang='lat' dir='ltr'><strong>auimo</strong></span> <span class='ocrx_word' id='word_1_73' title='bbox 1229 2434 1482 2516; x_wconf 83' lang='lat' dir='ltr'><strong>complectimur,</strong></span> <span class='ocrx_word' id='word_1_74' title='bbox 1507 2457 1568 2499; x_wconf 92' lang='lat' dir='ltr'><strong>nou</strong></span> <span class='ocrx_word' id='word_1_75' title='bbox 1593 2457 1761 2518; x_wconf 92' lang='lat' dir='ltr'><strong>possumus</strong></span> <span class='ocrx_word' id='word_1_76' title='bbox 1785 2459 1847 2501; x_wconf 91' lang='lat' dir='ltr'><strong>nou</strong></span> <span class='ocrx_word' id='word_1_77' title='bbox 1871 2439 2014 2503; x_wconf 87' lang='lat' dir='ltr'><strong>laudare.</strong></span> <span class='ocrx_word' id='word_1_78' title='bbox 2053 2439 2103 2503; x_wconf 90' lang='lat' dir='ltr'><strong>lta</strong></span> 
     </span>
     <span class='ocr_line' id='line_1_8' title="bbox 258 2534 2102 2622; baseline 0.002 -20"><span class='ocrx_word' id='word_1_79' title='bbox 258 2541 340 2603; x_wconf 84' lang='lat' dir='ltr'><strong>euim</strong></span> <span class='ocrx_word' id='word_1_80' title='bbox 368 2542 505 2622; x_wconf 87' lang='lat' dir='ltr'><strong>scriptus</strong></span> <span class='ocrx_word' id='word_1_81' title='bbox 533 2547 595 2614; x_wconf 87' lang='lat' dir='ltr'><strong>est,</strong></span> <span class='ocrx_word' id='word_1_82' title='bbox 625 2545 660 2602; x_wconf 88' lang='lat' dir='ltr'><strong>ut</strong></span> <span class='ocrx_word' id='word_1_83' title='bbox 687 2539 910 2620; x_wconf 88' lang='lat' dir='ltr'><strong>gnarissimum</strong></span> <span class='ocrx_word' id='word_1_84' title='bbox 936 2559 969 2601; x_wconf 89' lang='lat' dir='ltr'><strong>se</strong></span> <span class='ocrx_word' id='word_1_85' title='bbox 996 2536 1149 2618; x_wconf 86' lang='lat' dir='ltr'><strong>praebeat</strong></span> <span class='ocrx_word' id='word_1_86' title='bbox 1182 2543 1278 2617; x_wconf 86' lang='lat' dir='ltr'><strong>poeta</strong></span> <span class='ocrx_word' id='word_1_87' title='bbox 1309 2534 1469 2601; x_wconf 89' lang='lat' dir='ltr'><strong>humanae</strong></span> <span class='ocrx_word' id='word_1_88' title='bbox 1501 2544 1662 2601; x_wconf 81' lang='lat' dir='ltr'><strong>naturae·</strong></span> <span class='ocrx_word' id='word_1_89' title='bbox 1697 2539 1804 2603; x_wconf 89' lang='lat' dir='ltr'><strong>Primo</strong></span> <span class='ocrx_word' id='word_1_90' title='bbox 1838 2542 1922 2603; x_wconf 91' lang='lat' dir='ltr'><strong>enim</strong></span> <span class='ocrx_word' id='word_1_91' title='bbox 1952 2540 2102 2605; x_wconf 80' lang='lat' dir='ltr'><strong>Deianira</strong></span> 
     </span>
     <span class='ocr_line' id='line_1_9' title="bbox 259 2637 2100 2723; baseline 0 -17"><span class='ocrx_word' id='word_1_92' title='bbox 259 2661 385 2706; x_wconf 88' lang='lat' dir='ltr'><strong>summo</strong></span> <span class='ocrx_word' id='word_1_93' title='bbox 419 2645 485 2706; x_wconf 87' lang='lat' dir='ltr'><strong>irae</strong></span> <span class='ocrx_word' id='word_1_94' title='bbox 520 2643 639 2723; x_wconf 91' lang='lat' dir='ltr'><strong>impetn</strong></span> <span class='ocrx_word' id='word_1_95' title='bbox 672 2641 806 2704; x_wconf 88' lang='lat' dir='ltr'><strong>incitata</strong></span> <span class='ocrx_word' id='word_1_96' title='bbox 834 2639 1047 2705; x_wconf 85' lang='lat' dir='ltr'><strong>acerbissimis</strong></span> <span class='ocrx_word' id='word_1_97' title='bbox 1081 2637 1186 2702; x_wconf 90' lang='lat' dir='ltr'><strong>verbis</strong></span> <span class='ocrx_word' id='word_1_98' title='bbox 1216 2639 1358 2701; x_wconf 76' lang='lat' dir='ltr'><strong>altimum</strong></span> <span class='ocrx_word' id='word_1_99' title='bbox 1390 2639 1476 2702; x_wconf 83' lang='lat' dir='ltr'><strong>levat</strong></span> <span class='ocrx_word' id='word_1_100' title='bbox 1508 2659 1564 2702; x_wconf 91' lang='lat' dir='ltr'><strong>uec</strong></span> <span class='ocrx_word' id='word_1_101' title='bbox 1598 2641 1691 2704; x_wconf 90' lang='lat' dir='ltr'><strong>minis</strong></span> <span class='ocrx_word' id='word_1_102' title='bbox 1723 2644 1829 2722; x_wconf 89' lang='lat' dir='ltr'><strong>parcit</strong></span> <span class='ocrx_word' id='word_1_103' title='bbox 1859 2642 2100 2720; x_wconf 84' lang='lat' dir='ltr'><strong>crudelissimis,</strong></span> 
     </span>
     <span class='ocr_line' id='line_1_10' title="bbox 258 2739 2102 2828; baseline -0.002 -19"><span class='ocrx_word' id='word_1_104' title='bbox 258 2745 496 2809; x_wconf 82' lang='lat' dir='ltr'><strong>admonitiones</strong></span> <span class='ocrx_word' id='word_1_105' title='bbox 519 2743 651 2807; x_wconf 87' lang='lat' dir='ltr'><strong>nutricis</strong></span> <span class='ocrx_word' id='word_1_106' title='bbox 674 2742 797 2826; x_wconf 89' lang='lat' dir='ltr'><strong>spernit</strong></span> <span class='ocrx_word' id='word_1_107' title='bbox 818 2763 855 2806; x_wconf 89' lang='lat' dir='ltr'><strong>ac</strong></span> <span class='ocrx_word' id='word_1_108' title='bbox 876 2746 928 2806; x_wconf 86' lang='lat' dir='ltr'><strong>vix</strong></span> <span class='ocrx_word' id='word_1_109' title='bbox 953 2743 1059 2806; x_wconf 87' lang='lat' dir='ltr'><strong>locum</strong></span> <span class='ocrx_word' id='word_1_110' title='bbox 1087 2741 1191 2805; x_wconf 87' lang='lat' dir='ltr'><strong>verbis</strong></span> <span class='ocrx_word' id='word_1_111' title='bbox 1218 2743 1286 2803; x_wconf 88' lang='lat' dir='ltr'><strong>cius</strong></span> <span class='ocrx_word' id='word_1_112' title='bbox 1308 2739 1461 2822; x_wconf 86' lang='lat' dir='ltr'><strong>relinquit</strong></span> <span class='ocrx_word' id='word_1_113' title='bbox 1482 2741 1592 2824; x_wconf 89' lang='lat' dir='ltr'><strong>(Herc.</strong></span> <span class='ocrx_word' id='word_1_114' title='bbox 1615 2742 1676 2807; x_wconf 91' lang='lat' dir='ltr'><strong>Oet</strong></span> <span class='ocrx_word' id='word_1_115' title='bbox 1708 2747 1902 2828; x_wconf 73' lang='lat' dir='ltr'><strong>ete—314).</strong></span> <span class='ocrx_word' id='word_1_116' title='bbox 1948 2745 2023 2808; x_wconf 87' lang='lat' dir='ltr'><strong>Mox</strong></span> <span class='ocrx_word' id='word_1_117' title='bbox 2046 2746 2102 2808; x_wconf 91' lang='lat' dir='ltr'><strong>ubi</strong></span> 
     </span>
     <span class='ocr_line' id='line_1_11' title="bbox 260 2843 2101 2930; baseline 0 -20"><span class='ocrx_word' id='word_1_118' title='bbox 260 2849 386 2929; x_wconf 90' lang='lat' dir='ltr'><strong>iugenio</strong></span> <span class='ocrx_word' id='word_1_119' title='bbox 414 2847 568 2910; x_wconf 77' lang='lat' dir='ltr'><strong>satisfecit</strong></span> <span class='ocrx_word' id='word_1_120' title='bbox 595 2853 627 2908; x_wconf 89' lang='lat' dir='ltr'><strong>et</strong></span> <span class='ocrx_word' id='word_1_121' title='bbox 653 2846 795 2909; x_wconf 89' lang='lat' dir='ltr'><strong>monenti</strong></span> <span class='ocrx_word' id='word_1_122' title='bbox 822 2867 916 2909; x_wconf 86' lang='lat' dir='ltr'><strong>aures</strong></span> <span class='ocrx_word' id='word_1_123' title='bbox 940 2843 1087 2928; x_wconf 89' lang='lat' dir='ltr'><strong>praebuit</strong></span> <span class='ocrx_word' id='word_1_124' title='bbox 1109 2843 1299 2924; x_wconf 88' lang='lat' dir='ltr'><strong>placidiores</strong></span> <span class='ocrx_word' id='word_1_125' title='bbox 1323 2843 1364 2917; x_wconf 82' lang='lat' dir='ltr'><strong>(v.</strong></span> <span class='ocrx_word' id='word_1_126' title='bbox 1387 2847 1586 2928; x_wconf 75' lang='lat' dir='ltr'><strong>ele-379),</strong></span> <span class='ocrx_word' id='word_1_127' title='bbox 1616 2846 1646 2907; x_wconf 93' lang='lat' dir='ltr'><strong>in</strong></span> <span class='ocrx_word' id='word_1_128' title='bbox 1670 2847 1819 2910; x_wconf 90' lang='lat' dir='ltr'><strong>timorem</strong></span> <span class='ocrx_word' id='word_1_129' title='bbox 1841 2846 1981 2910; x_wconf 85' lang='lat' dir='ltr'><strong>flectitur</strong></span> <span class='ocrx_word' id='word_1_130' title='bbox 2002 2855 2101 2930; x_wconf 89' lang='lat' dir='ltr'><strong>atque</strong></span> 
     </span>
     <span class='ocr_line' id='line_1_12' title="bbox 259 2945 2101 3031; baseline 0.001 -20"><span class='ocrx_word' id='word_1_131' title='bbox 259 2951 414 3030; x_wconf 91' lang='lat' dir='ltr'><strong>imparem</strong></span> <span class='ocrx_word' id='word_1_132' title='bbox 437 2969 470 3012; x_wconf 88' lang='lat' dir='ltr'><strong>se</strong></span> <span class='ocrx_word' id='word_1_133' title='bbox 493 2965 560 3012; x_wconf 87' lang='lat' dir='ltr'><strong>esse</strong></span> <span class='ocrx_word' id='word_1_134' title='bbox 582 2947 726 3011; x_wconf 87' lang='lat' dir='ltr'><strong>aemulae</strong></span> <span class='ocrx_word' id='word_1_135' title='bbox 749 2945 851 3010; x_wconf 83' lang='lat' dir='ltr'><strong>forma</strong></span> <span class='ocrx_word' id='word_1_136' title='bbox 874 2956 905 3010; x_wconf 88' lang='lat' dir='ltr'><strong>ot</strong></span> <span class='ocrx_word' id='word_1_137' title='bbox 929 2948 1090 3010; x_wconf 81' lang='lat' dir='ltr'><strong>inveritate</strong></span> <span class='ocrx_word' id='word_1_138' title='bbox 1114 2945 1203 3008; x_wconf 87' lang='lat' dir='ltr'><strong>dolet</strong></span> <span class='ocrx_word' id='word_1_139' title='bbox 1222 2945 1265 3023; x_wconf 81' lang='lat' dir='ltr'><strong>(v.</strong></span> <span class='ocrx_word' id='word_1_140' title='bbox 1288 2946 1484 3028; x_wconf 77' lang='lat' dir='ltr'><strong>eso-409).</strong></span> <span class='ocrx_word' id='word_1_141' title='bbox 1532 2945 1594 3011; x_wconf 87' lang='lat' dir='ltr'><strong>Sed</strong></span> <span class='ocrx_word' id='word_1_142' title='bbox 1617 2950 1733 3012; x_wconf 88' lang='lat' dir='ltr'><strong>iterum</strong></span> <span class='ocrx_word' id='word_1_143' title='bbox 1757 2952 1896 3031; x_wconf 84' lang='lat' dir='ltr'><strong>resurgit</strong></span> <span class='ocrx_word' id='word_1_144' title='bbox 1917 2949 1965 3012; x_wconf 84' lang='lat' dir='ltr'><strong>ira</strong></span> <span class='ocrx_word' id='word_1_145' title='bbox 1987 2949 2101 3013; x_wconf 86' lang='lat' dir='ltr'><strong>solitae</strong></span> 
     </span>
     <span class='ocr_line' id='line_1_13' title="bbox 249 3047 2103 3132; baseline -0.002 -14"><span class='ocrx_word' id='word_1_146' title='bbox 249 3050 391 3118; x_wconf 72' lang='lat' dir='ltr'><strong>‚Herculi</strong></span> <span class='ocrx_word' id='word_1_147' title='bbox 414 3050 551 3114; x_wconf 88' lang='lat' dir='ltr'><strong>levitatis</strong></span> <span class='ocrx_word' id='word_1_148' title='bbox 575 3057 606 3113; x_wconf 91' lang='lat' dir='ltr'><strong>et</strong></span> <span class='ocrx_word' id='word_1_149' title='bbox 628 3047 781 3132; x_wconf 89' lang='lat' dir='ltr'><strong>perfidiae</strong></span> <span class='ocrx_word' id='word_1_150' title='bbox 804 3051 958 3113; x_wconf 88' lang='lat' dir='ltr'><strong>memoria</strong></span> <span class='ocrx_word' id='word_1_151' title='bbox 978 3049 1021 3130; x_wconf 88' lang='lat' dir='ltr'><strong>(v.</strong></span> <span class='ocrx_word' id='word_1_152' title='bbox 1045 3048 1241 3130; x_wconf 74' lang='lat' dir='ltr'><strong>llo-434).</strong></span> <span class='ocrx_word' id='word_1_153' title='bbox 1288 3049 1330 3109; x_wconf 81' lang='lat' dir='ltr'><strong>nt</strong></span> <span class='ocrx_word' id='word_1_154' title='bbox 1354 3057 1514 3129; x_wconf 87' lang='lat' dir='ltr'><strong>repugnat</strong></span> <span class='ocrx_word' id='word_1_155' title='bbox 1542 3051 1676 3114; x_wconf 88' lang='lat' dir='ltr'><strong>nutricis</strong></span> <span class='ocrx_word' id='word_1_156' title='bbox 1702 3050 1808 3114; x_wconf 85' lang='lat' dir='ltr'><strong>verbis</strong></span> <span class='ocrx_word' id='word_1_157' title='bbox 1832 3053 1989 3116; x_wconf 84' lang='lat' dir='ltr'><strong>excitatus</strong></span> <span class='ocrx_word' id='word_1_158' title='bbox 2011 3072 2103 3116; x_wconf 89' lang='lat' dir='ltr'><strong>amor</strong></span> 
     </span>
     <span class='ocr_line' id='line_1_14' title="bbox 259 3148 2101 3237; baseline 0.001 -20"><span class='ocrx_word' id='word_1_159' title='bbox 259 3153 368 3217; x_wconf 89' lang='lat' dir='ltr'><strong>mariti</strong></span> <span class='ocrx_word' id='word_1_160' title='bbox 392 3174 431 3216; x_wconf 88' lang='lat' dir='ltr'><strong>ne</strong></span> <span class='ocrx_word' id='word_1_161' title='bbox 453 3173 538 3217; x_wconf 89' lang='lat' dir='ltr'><strong>nunc</strong></span> <span class='ocrx_word' id='word_1_162' title='bbox 558 3152 689 3234; x_wconf 91' lang='lat' dir='ltr'><strong>quidem</strong></span> <span class='ocrx_word' id='word_1_163' title='bbox 705 3151 828 3216; x_wconf 89' lang='lat' dir='ltr'><strong>deletus</strong></span> <span class='ocrx_word' id='word_1_164' title='bbox 848 3159 881 3216; x_wconf 89' lang='lat' dir='ltr'><strong>et</strong></span> <span class='ocrx_word' id='word_1_165' title='bbox 904 3163 1075 3234; x_wconf 88' lang='lat' dir='ltr'><strong>postquam</strong></span> <span class='ocrx_word' id='word_1_166' title='bbox 1090 3152 1200 3213; x_wconf 86' lang='lat' dir='ltr'><strong>nutrix</strong></span> <span class='ocrx_word' id='word_1_167' title='bbox 1222 3150 1262 3212; x_wconf 93' lang='lat' dir='ltr'><strong>de</strong></span> <span class='ocrx_word' id='word_1_168' title='bbox 1285 3150 1522 3214; x_wconf 90' lang='lat' dir='ltr'><strong>reconciliando</strong></span> <span class='ocrx_word' id='word_1_169' title='bbox 1540 3148 1685 3216; x_wconf 88' lang='lat' dir='ltr'><strong>Herculis</strong></span> <span class='ocrx_word' id='word_1_170' title='bbox 1702 3154 1808 3216; x_wconf 89' lang='lat' dir='ltr'><strong>animo</strong></span> <span class='ocrx_word' id='word_1_171' title='bbox 1824 3154 1965 3234; x_wconf 87' lang='lat' dir='ltr'><strong>cogitare</strong></span> <span class='ocrx_word' id='word_1_172' title='bbox 1986 3156 2101 3237; x_wconf 84' lang='lat' dir='ltr'><strong>coepit,</strong></span> 
     </span>
     <span class='ocr_line' id='line_1_15' title="bbox 260 3251 2101 3342; baseline 0 -22"><span class='ocrx_word' id='word_1_173' title='bbox 260 3257 413 3320; x_wconf 81' lang='lat' dir='ltr'><strong>Deianira</strong></span> <span class='ocrx_word' id='word_1_174' title='bbox 434 3258 503 3337; x_wconf 89' lang='lat' dir='ltr'><strong>ipsa</strong></span> <span class='ocrx_word' id='word_1_175' title='bbox 524 3275 652 3336; x_wconf 90' lang='lat' dir='ltr'><strong>quoque</strong></span> <span class='ocrx_word' id='word_1_176' title='bbox 675 3275 764 3336; x_wconf 90' lang='lat' dir='ltr'><strong>spem</strong></span> <span class='ocrx_word' id='word_1_177' title='bbox 786 3275 900 3319; x_wconf 89' lang='lat' dir='ltr'><strong>novam</strong></span> <span class='ocrx_word' id='word_1_178' title='bbox 924 3252 1046 3335; x_wconf 81' lang='lat' dir='ltr'><strong>colligit</strong></span> <span class='ocrx_word' id='word_1_179' title='bbox 1067 3260 1100 3315; x_wconf 87' lang='lat' dir='ltr'><strong>ot</strong></span> <span class='ocrx_word' id='word_1_180' title='bbox 1120 3253 1278 3316; x_wconf 87' lang='lat' dir='ltr'><strong>amatorio</strong></span> <span class='ocrx_word' id='word_1_181' title='bbox 1294 3251 1465 3316; x_wconf 88' lang='lat' dir='ltr'><strong>Herculem</strong></span> <span class='ocrx_word' id='word_1_182' title='bbox 1479 3261 1637 3334; x_wconf 86' lang='lat' dir='ltr'><strong>temptare</strong></span> <span class='ocrx_word' id='word_1_183' title='bbox 1654 3257 1821 3319; x_wconf 90' lang='lat' dir='ltr'><strong>constituit</strong></span> <span class='ocrx_word' id='word_1_184' title='bbox 1843 3256 1887 3339; x_wconf 90' lang='lat' dir='ltr'><strong>(v.</strong></span> <span class='ocrx_word' id='word_1_185' title='bbox 1904 3258 2101 3342; x_wconf 72' lang='lat' dir='ltr'><strong>ere-538).</strong></span> 
     </span>
     <span class='ocr_line' id='line_1_16' title="bbox 261 3353 2102 3440; baseline 0 -18"><span class='ocrx_word' id='word_1_186' title='bbox 261 3358 320 3423; x_wconf 90' lang='lat' dir='ltr'><strong>Hic</strong></span> <span class='ocrx_word' id='word_1_187' title='bbox 340 3357 475 3422; x_wconf 83' lang='lat' dir='ltr'><strong>fortasse</strong></span> <span class='ocrx_word' id='word_1_188' title='bbox 498 3359 657 3440; x_wconf 83' lang='lat' dir='ltr'><strong>quispiam</strong></span> <span class='ocrx_word' id='word_1_189' title='bbox 681 3358 712 3418; x_wconf 91' lang='lat' dir='ltr'><strong>in</strong></span> <span class='ocrx_word' id='word_1_190' title='bbox 736 3377 773 3419; x_wconf 88' lang='lat' dir='ltr'><strong>eo</strong></span> <span class='ocrx_word' id='word_1_191' title='bbox 797 3356 976 3432; x_wconf 86' lang='lat' dir='ltr'><strong>offenderit,</strong></span> <span class='ocrx_word' id='word_1_192' title='bbox 1005 3355 1091 3436; x_wconf 92' lang='lat' dir='ltr'><strong>quod</strong></span> <span class='ocrx_word' id='word_1_193' title='bbox 1119 3377 1145 3417; x_wconf 90' lang='lat' dir='ltr'><strong>v.</strong></span> <span class='ocrx_word' id='word_1_194' title='bbox 1173 3358 1236 3418; x_wconf 83' lang='grc'><strong>473</strong></span> <span class='ocrx_word' id='word_1_195' title='bbox 1264 3353 1370 3417; x_wconf 90' lang='lat' dir='ltr'><strong>subito</strong></span> <span class='ocrx_word' id='word_1_196' title='bbox 1393 3354 1547 3418; x_wconf 84' lang='lat' dir='ltr'><strong>Deianira</strong></span> <span class='ocrx_word' id='word_1_197' title='bbox 1566 3356 1735 3420; x_wconf 87' lang='lat' dir='ltr'><strong>consilium</strong></span> <span class='ocrx_word' id='word_1_198' title='bbox 1759 3365 1873 3422; x_wconf 83' lang='lat' dir='ltr'><strong>mutat.</strong></span> <span class='ocrx_word' id='word_1_199' title='bbox 1918 3359 2007 3436; x_wconf 84' lang='lat' dir='ltr'><strong>erae</strong></span> <span class='ocrx_word' id='word_1_200' title='bbox 2028 3380 2102 3423; x_wconf 92' lang='lat' dir='ltr'><strong>cum</strong></span> 
     </span>
     <span class='ocr_line' id='line_1_17' title="bbox 260 3456 2103 3542; baseline 0.001 -19"><span class='ocrx_word' id='word_1_201' title='bbox 260 3460 369 3524; x_wconf 90' lang='lat' dir='ltr'><strong>multis</strong></span> <span class='ocrx_word' id='word_1_202' title='bbox 402 3459 506 3523; x_wconf 90' lang='lat' dir='ltr'><strong>verbis</strong></span> <span class='ocrx_word' id='word_1_203' title='bbox 531 3461 574 3541; x_wconf 90' lang='lat' dir='ltr'><strong>(v.</strong></span> <span class='ocrx_word' id='word_1_204' title='bbox 603 3463 770 3542; x_wconf 78' lang='lat' dir='ltr'><strong>ree-72)</strong></span> <span class='ocrx_word' id='word_1_205' title='bbox 803 3461 960 3542; x_wconf 87' lang='lat' dir='ltr'><strong>magicam</strong></span> <span class='ocrx_word' id='word_1_206' title='bbox 991 3466 1093 3520; x_wconf 86' lang='lat' dir='ltr'><strong>artem</strong></span> <span class='ocrx_word' id='word_1_207' title='bbox 1123 3459 1291 3540; x_wconf 82' lang='lat' dir='ltr'><strong>spreverit,</strong></span> <span class='ocrx_word' id='word_1_208' title='bbox 1324 3456 1464 3521; x_wconf 83' lang='lat' dir='ltr'><strong>breviter</strong></span> <span class='ocrx_word' id='word_1_209' title='bbox 1490 3477 1511 3520; x_wconf 86' lang='lat' dir='ltr'><strong>a</strong></span> <span class='ocrx_word' id='word_1_210' title='bbox 1537 3460 1662 3522; x_wconf 90' lang='lat' dir='ltr'><strong>nutrice</strong></span> <span class='ocrx_word' id='word_1_211' title='bbox 1688 3461 1812 3524; x_wconf 89' lang='lat' dir='ltr'><strong>monita</strong></span> <span class='ocrx_word' id='word_1_212' title='bbox 1838 3460 1930 3540; x_wconf 70' lang='lat'>(4722</span> <span class='ocrx_word' id='word_1_213' title='bbox 1960 3461 2043 3525; x_wconf 91' lang='lat' dir='ltr'><strong>Vicit</strong></span> <span class='ocrx_word' id='word_1_214' title='bbox 2070 3473 2103 3525; x_wconf 88' lang='lat' dir='ltr'><strong>et</strong></span> 
     </span>
     <span class='ocr_line' id='line_1_18' title="bbox 259 3559 2102 3644; baseline 0.001 -19"><span class='ocrx_word' id='word_1_215' title='bbox 259 3583 392 3644; x_wconf 89' lang='lat' dir='ltr'><strong>superos</strong></span> <span class='ocrx_word' id='word_1_216' title='bbox 407 3563 519 3644; x_wconf 77' lang='lat' dir='ltr'><strong>Amor)</strong></span> <span class='ocrx_word' id='word_1_217' title='bbox 532 3562 575 3625; x_wconf 88' lang='lat' dir='ltr'><strong>ad</strong></span> <span class='ocrx_word' id='word_1_218' title='bbox 586 3562 721 3625; x_wconf 88' lang='lat' dir='ltr'><strong>eandem</strong></span> <span class='ocrx_word' id='word_1_219' title='bbox 746 3561 831 3624; x_wconf 86' lang='lat' dir='ltr'><strong>illam</strong></span> <span class='ocrx_word' id='word_1_220' title='bbox 845 3567 948 3625; x_wconf 86' lang='lat' dir='ltr'><strong>artem</strong></span> <span class='ocrx_word' id='word_1_221' title='bbox 972 3559 1115 3640; x_wconf 82' lang='lat' dir='ltr'><strong>confugit</strong></span> <span class='ocrx_word' id='word_1_222' title='bbox 1137 3560 1180 3642; x_wconf 89' lang='lat' dir='ltr'><strong>(v.</strong></span> <span class='ocrx_word' id='word_1_223' title='bbox 1198 3562 1260 3625; x_wconf 80' lang='lat'><strong>473</strong></span> <span class='ocrx_word' id='word_1_224' title='bbox 1276 3559 1347 3642; x_wconf 86' lang='lat' dir='ltr'><strong>sq.).</strong></span> <span class='ocrx_word' id='word_1_225' title='bbox 1395 3559 1458 3622; x_wconf 89' lang='lat' dir='ltr'><strong>Sed</strong></span> <span class='ocrx_word' id='word_1_226' title='bbox 1475 3559 1613 3641; x_wconf 89' lang='lat' dir='ltr'><strong>plurima</strong></span> <span class='ocrx_word' id='word_1_227' title='bbox 1635 3564 1758 3625; x_wconf 91' lang='lat' dir='ltr'><strong>suntin</strong></span> <span class='ocrx_word' id='word_1_228' title='bbox 1775 3562 1895 3626; x_wconf 87' lang='lat' dir='ltr'><strong>Seneca</strong></span> <span class='ocrx_word' id='word_1_229' title='bbox 1913 3574 1978 3626; x_wconf 87' lang='lat' dir='ltr'><strong>tarn</strong></span> <span class='ocrx_word' id='word_1_230' title='bbox 1995 3563 2102 3628; x_wconf 90' lang='lat' dir='ltr'><strong>subito</strong></span> 
     </span>
     <span class='ocr_line' id='line_1_19' title="bbox 260 3660 2102 3748; baseline 0.001 -20"><span class='ocrx_word' id='word_1_231' title='bbox 260 3667 374 3728; x_wconf 88' lang='lat' dir='ltr'><strong>mutati</strong></span> <span class='ocrx_word' id='word_1_232' title='bbox 404 3666 502 3728; x_wconf 90' lang='lat' dir='ltr'><strong>animi</strong></span> <span class='ocrx_word' id='word_1_233' title='bbox 529 3664 684 3744; x_wconf 88' lang='lat' dir='ltr'><strong>exempla.</strong></span> <span class='ocrx_word' id='word_1_234' title='bbox 733 3663 769 3727; x_wconf 92' lang='lat' dir='ltr'><strong>ln</strong></span> <span class='ocrx_word' id='word_1_235' title='bbox 798 3663 933 3748; x_wconf 85' lang='lat' dir='ltr'><strong>Thyeste</strong></span> <span class='ocrx_word' id='word_1_236' title='bbox 960 3663 1044 3725; x_wconf 88' lang='lat' dir='ltr'><strong>enim</strong></span> <span class='ocrx_word' id='word_1_237' title='bbox 1067 3662 1182 3725; x_wconf 81' lang='lat' dir='ltr'><strong>Atreus</strong></span> <span class='ocrx_word' id='word_1_238' title='bbox 1210 3662 1265 3724; x_wconf 90' lang='lat' dir='ltr'><strong>din</strong></span> <span class='ocrx_word' id='word_1_239' title='bbox 1289 3660 1431 3736; x_wconf 90' lang='lat' dir='ltr'><strong>dubitat,</strong></span> <span class='ocrx_word' id='word_1_240' title='bbox 1456 3683 1532 3725; x_wconf 89' lang='lat' dir='ltr'><strong>uum</strong></span> <span class='ocrx_word' id='word_1_241' title='bbox 1555 3665 1698 3727; x_wconf 89' lang='lat' dir='ltr'><strong>conscios</strong></span> <span class='ocrx_word' id='word_1_242' title='bbox 1725 3663 1846 3728; x_wconf 86' lang='lat' dir='ltr'><strong>fraudis</strong></span> <span class='ocrx_word' id='word_1_243' title='bbox 1872 3663 1955 3729; x_wconf 86' lang='lat' dir='ltr'><strong>tilios</strong></span> <span class='ocrx_word' id='word_1_244' title='bbox 1979 3669 2102 3739; x_wconf 90' lang='lat' dir='ltr'><strong>mittat,</strong></span> 
     </span>
     <span class='ocr_line' id='line_1_20' title="bbox 258 3763 2102 3850; baseline 0.001 -19"><span class='ocrx_word' id='word_1_245' title='bbox 258 3770 313 3849; x_wconf 91' lang='lat' dir='ltr'><strong>qui</strong></span> <span class='ocrx_word' id='word_1_246' title='bbox 341 3767 416 3830; x_wconf 90' lang='lat' dir='ltr'><strong>ficta</strong></span> <span class='ocrx_word' id='word_1_247' title='bbox 444 3767 532 3847; x_wconf 91' lang='lat' dir='ltr'><strong>regni</strong></span> <span class='ocrx_word' id='word_1_248' title='bbox 559 3787 614 3847; x_wconf 90' lang='lat' dir='ltr'><strong>spo</strong></span> <span class='ocrx_word' id='word_1_249' title='bbox 643 3774 793 3848; x_wconf 90' lang='lat' dir='ltr'><strong>patruum</strong></span> <span class='ocrx_word' id='word_1_250' title='bbox 822 3767 952 3830; x_wconf 91' lang='lat' dir='ltr'><strong>domum</strong></span> <span class='ocrx_word' id='word_1_251' title='bbox 979 3769 1129 3827; x_wconf 89' lang='lat' dir='ltr'><strong>revocent</strong></span> <span class='ocrx_word' id='word_1_252' title='bbox 1154 3764 1243 3846; x_wconf 70' lang='lat' dir='ltr'><strong>(iude</strong></span> <span class='ocrx_word' id='word_1_253' title='bbox 1265 3785 1285 3826; x_wconf 87' lang='lat' dir='ltr'><strong>a</strong></span> <span class='ocrx_word' id='word_1_254' title='bbox 1306 3785 1332 3825; x_wconf 90' lang='lat' dir='ltr'><strong>v.</strong></span> <span class='ocrx_word' id='word_1_255' title='bbox 1356 3767 1443 3839; x_wconf 74' lang='grc'>316).</span> <span class='ocrx_word' id='word_1_256' title='bbox 1488 3763 1581 3839; x_wconf 84' lang='lat' dir='ltr'><strong>Quod</strong></span> <span class='ocrx_word' id='word_1_257' title='bbox 1608 3787 1680 3829; x_wconf 92' lang='lat' dir='ltr'><strong>cum</strong></span> <span class='ocrx_word' id='word_1_258' title='bbox 1708 3768 1846 3848; x_wconf 92' lang='lat' dir='ltr'><strong>primum</strong></span> <span class='ocrx_word' id='word_1_259' title='bbox 1873 3769 2102 3850; x_wconf 84' lang='lat' dir='ltr'><strong>improbaverit</strong></span> 
     </span>
     <span class='ocr_line' id='line_1_21' title="bbox 258 3867 2102 3952; baseline 0.003 -18"><span class='ocrx_word' id='word_1_260' title='bbox 258 3886 301 3952; x_wconf 72' lang='lat' dir='ltr'><strong>lv.</strong></span> <span class='ocrx_word' id='word_1_261' title='bbox 322 3871 494 3946; x_wconf 68' lang='lat'><strong>317-23),</strong></span> <span class='ocrx_word' id='word_1_262' title='bbox 518 3877 586 3932; x_wconf 91' lang='lat' dir='ltr'><strong>tum</strong></span> <span class='ocrx_word' id='word_1_263' title='bbox 608 3867 711 3932; x_wconf 86' lang='lat' dir='ltr'><strong>facere</strong></span> <span class='ocrx_word' id='word_1_264' title='bbox 733 3868 934 3932; x_wconf 91' lang='lat' dir='ltr'><strong>constituerit</strong></span> <span class='ocrx_word' id='word_1_265' title='bbox 957 3879 999 3949; x_wconf 73' lang='lat' dir='ltr'><strong>lv.</strong></span> <span class='ocrx_word' id='word_1_266' title='bbox 1016 3867 1191 3942; x_wconf 71' lang='lat' dir='ltr'><strong>:rar-30),</strong></span> <span class='ocrx_word' id='word_1_267' title='bbox 1216 3871 1346 3948; x_wconf 86' lang='lat' dir='ltr'><strong>repente</strong></span> <span class='ocrx_word' id='word_1_268' title='bbox 1363 3868 1426 3929; x_wconf 89' lang='lat' dir='ltr'><strong>iam</strong></span> <span class='ocrx_word' id='word_1_269' title='bbox 1443 3885 1544 3947; x_wconf 86' lang='lat' dir='ltr'><strong>paene</strong></span> <span class='ocrx_word' id='word_1_270' title='bbox 1558 3887 1653 3931; x_wconf 89' lang='lat' dir='ltr'><strong>scena</strong></span> <span class='ocrx_word' id='word_1_271' title='bbox 1670 3888 1815 3950; x_wconf 85' lang='lat' dir='ltr'><strong>egressus</strong></span> <span class='ocrx_word' id='word_1_272' title='bbox 1839 3871 1931 3951; x_wconf 89' lang='lat'>(330:</span> <span class='ocrx_word' id='word_1_273' title='bbox 1955 3877 2102 3947; x_wconf 82' lang='lat' dir='ltr'><strong>„eatur“l</strong></span> 
     </span>
     <span class='ocr_line' id='line_1_22' title="bbox 260 3967 2100 4053; baseline 0.001 -18"><span class='ocrx_word' id='word_1_274' title='bbox 260 3972 428 4036; x_wconf 89' lang='lat' dir='ltr'><strong>consilium</strong></span> <span class='ocrx_word' id='word_1_275' title='bbox 455 3972 550 4035; x_wconf 90' lang='lat' dir='ltr'><strong>modo</strong></span> <span class='ocrx_word' id='word_1_276' title='bbox 578 3979 707 4052; x_wconf 88' lang='lat' dir='ltr'><strong>captum</strong></span> <span class='ocrx_word' id='word_1_277' title='bbox 735 3979 863 4034; x_wconf 87' lang='lat' dir='ltr'><strong>revocat</strong></span> <span class='ocrx_word' id='word_1_278' title='bbox 888 3980 929 4052; x_wconf 80' lang='lat' dir='ltr'><strong>(v.</strong></span> <span class='ocrx_word' id='word_1_279' title='bbox 957 3971 1019 4035; x_wconf 89' lang='lat'><strong>330</strong></span> <span class='ocrx_word' id='word_1_280' title='bbox 1044 3969 1114 4050; x_wconf 89' lang='lat' dir='ltr'><strong>sq.).</strong></span> <span class='ocrx_word' id='word_1_281' title='bbox 1173 3967 1260 4031; x_wconf 86' lang='lat' dir='ltr'><strong>Jtem</strong></span> <span class='ocrx_word' id='word_1_282' title='bbox 1284 3969 1315 4029; x_wconf 90' lang='lat' dir='ltr'><strong>iu</strong></span> <span class='ocrx_word' id='word_1_283' title='bbox 1343 3968 1455 4031; x_wconf 87' lang='lat' dir='ltr'><strong>eadem</strong></span> <span class='ocrx_word' id='word_1_284' title='bbox 1481 3968 1593 4034; x_wconf 87' lang='lat' dir='ltr'><strong>fabula</strong></span> <span class='ocrx_word' id='word_1_285' title='bbox 1619 3967 1786 4053; x_wconf 82' lang='lat' dir='ltr'><strong>Thyestes,</strong></span> <span class='ocrx_word' id='word_1_286' title='bbox 1818 3993 2014 4053; x_wconf 88' lang='lat' dir='ltr'><strong>quamquam</strong></span> <span class='ocrx_word' id='word_1_287' title='bbox 2046 3973 2100 4036; x_wconf 89' lang='lat' dir='ltr'><strong>diu</strong></span> 
     </span>
     <span class='ocr_line' id='line_1_23' title="bbox 261 4071 2102 4156; baseline 0 -18"><span class='ocrx_word' id='word_1_288' title='bbox 261 4095 395 4156; x_wconf 87' lang='lat' dir='ltr'><strong>reguum</strong></span> <span class='ocrx_word' id='word_1_289' title='bbox 429 4095 448 4136; x_wconf 88' lang='lat' dir='ltr'><strong>a</strong></span> <span class='ocrx_word' id='word_1_290' title='bbox 478 4073 578 4137; x_wconf 88' lang='lat' dir='ltr'><strong>fratre</strong></span> <span class='ocrx_word' id='word_1_291' title='bbox 612 4072 672 4138; x_wconf 90' lang='lat' dir='ltr'><strong>sibi</strong></span> <span class='ocrx_word' id='word_1_292' title='bbox 707 4071 850 4136; x_wconf 87' lang='lat' dir='ltr'><strong>oblatum</strong></span> <span class='ocrx_word' id='word_1_293' title='bbox 882 4071 1071 4134; x_wconf 88' lang='lat' dir='ltr'><strong>detrectavit</strong></span> <span class='ocrx_word' id='word_1_294' title='bbox 1102 4071 1191 4143; x_wconf 83' lang='lat' dir='ltr'><strong>(inde</strong></span> <span class='ocrx_word' id='word_1_295' title='bbox 1224 4091 1244 4132; x_wconf 89' lang='lat' dir='ltr'><strong>a</strong></span> <span class='ocrx_word' id='word_1_296' title='bbox 1272 4091 1298 4132; x_wconf 89' lang='lat' dir='ltr'><strong>r.</strong></span> <span class='ocrx_word' id='word_1_297' title='bbox 1328 4073 1404 4153; x_wconf 86' lang='lat'>531)</span> <span class='ocrx_word' id='word_1_298' title='bbox 1435 4093 1473 4135; x_wconf 88' lang='lat' dir='ltr'><strong>ac</strong></span> <span class='ocrx_word' id='word_1_299' title='bbox 1506 4072 1602 4136; x_wconf 92' lang='lat' dir='ltr'><strong>modo</strong></span> <span class='ocrx_word' id='word_1_300' title='bbox 1631 4095 1659 4135; x_wconf 92' lang='lat' dir='ltr'><strong>v.</strong></span> <span class='ocrx_word' id='word_1_301' title='bbox 1692 4075 1754 4137; x_wconf 83' lang='lat'><strong>540</strong></span> <span class='ocrx_word' id='word_1_302' title='bbox 1786 4082 1910 4138; x_wconf 89' lang='lat' dir='ltr'><strong>certum</strong></span> <span class='ocrx_word' id='word_1_303' title='bbox 1941 4074 1999 4137; x_wconf 90' lang='lat' dir='ltr'><strong>sibi</strong></span> <span class='ocrx_word' id='word_1_304' title='bbox 2034 4096 2102 4138; x_wconf 73' lang='lat' dir='ltr'><strong>esso</strong></span> 
     </span>
     <span class='ocr_line' id='line_1_24' title="bbox 259 4172 2103 4259; baseline 0.001 -19"><span class='ocrx_word' id='word_1_305' title='bbox 259 4175 428 4240; x_wconf 87' lang='lat' dir='ltr'><strong>consilium</strong></span> <span class='ocrx_word' id='word_1_306' title='bbox 456 4197 554 4257; x_wconf 88' lang='lat' dir='ltr'><strong>regna</strong></span> <span class='ocrx_word' id='word_1_307' title='bbox 576 4197 727 4257; x_wconf 89' lang='lat' dir='ltr'><strong>respuere</strong></span> <span class='ocrx_word' id='word_1_308' title='bbox 748 4175 908 4256; x_wconf 88' lang='lat' dir='ltr'><strong>professus</strong></span> <span class='ocrx_word' id='word_1_309' title='bbox 930 4182 990 4250; x_wconf 87' lang='lat' dir='ltr'><strong>ost,</strong></span> <span class='ocrx_word' id='word_1_310' title='bbox 1014 4196 1041 4236; x_wconf 93' lang='lat' dir='ltr'><strong>v.</strong></span> <span class='ocrx_word' id='word_1_311' title='bbox 1059 4175 1119 4236; x_wconf 72' lang='lat'><strong>542</strong></span> <span class='ocrx_word' id='word_1_312' title='bbox 1136 4172 1220 4234; x_wconf 89' lang='lat' dir='ltr'><strong>laete</strong></span> <span class='ocrx_word' id='word_1_313' title='bbox 1236 4173 1327 4237; x_wconf 89' lang='lat' dir='ltr'><strong>dicit:</strong></span> <span class='ocrx_word' id='word_1_314' title='bbox 1348 4175 1497 4256; x_wconf 86' lang='lat' dir='ltr'><strong>,accipio‘.</strong></span> <span class='ocrx_word' id='word_1_315' title='bbox 1542 4173 1578 4236; x_wconf 92' lang='lat' dir='ltr'><strong>ln</strong></span> <span class='ocrx_word' id='word_1_316' title='bbox 1598 4173 1834 4254; x_wconf 81' lang='lat' dir='ltr'><strong>Agamemnone</strong></span> <span class='ocrx_word' id='word_1_317' title='bbox 1848 4175 2103 4259; x_wconf 84' lang='lat' dir='ltr'><strong>Clytaemnestra</strong></span> 
     </span>
     <span class='ocr_line' id='line_1_25' title="bbox 261 4273 2103 4363; baseline 0.001 -23"><span class='ocrx_word' id='word_1_318' title='bbox 261 4278 407 4360; x_wconf 89' lang='lat' dir='ltr'><strong>plurimis</strong></span> <span class='ocrx_word' id='word_1_319' title='bbox 441 4279 543 4340; x_wconf 87' lang='lat' dir='ltr'><strong>causis</strong></span> <span class='ocrx_word' id='word_1_320' title='bbox 574 4281 692 4342; x_wconf 90' lang='lat' dir='ltr'><strong>moveri</strong></span> <span class='ocrx_word' id='word_1_321' title='bbox 727 4299 760 4341; x_wconf 87' lang='lat' dir='ltr'><strong>se</strong></span> <span class='ocrx_word' id='word_1_322' title='bbox 794 4277 884 4352; x_wconf 89' lang='lat' dir='ltr'><strong>dicit,</strong></span> <span class='ocrx_word' id='word_1_323' title='bbox 919 4283 955 4338; x_wconf 91' lang='lat' dir='ltr'><strong>ut</strong></span> <span class='ocrx_word' id='word_1_324' title='bbox 987 4273 1138 4356; x_wconf 81' lang='lat' dir='ltr'><strong>Aegistho</strong></span> <span class='ocrx_word' id='word_1_325' title='bbox 1171 4274 1299 4337; x_wconf 88' lang='lat' dir='ltr'><strong>deserto</strong></span> <span class='ocrx_word' id='word_1_326' title='bbox 1332 4277 1476 4357; x_wconf 87' lang='lat' dir='ltr'><strong>coniugis</strong></span> <span class='ocrx_word' id='word_1_327' title='bbox 1507 4275 1603 4338; x_wconf 89' lang='lat' dir='ltr'><strong>fidem</strong></span> <span class='ocrx_word' id='word_1_328' title='bbox 1634 4287 1668 4339; x_wconf 88' lang='lat' dir='ltr'><strong>et</strong></span> <span class='ocrx_word' id='word_1_329' title='bbox 1699 4277 1803 4342; x_wconf 89' lang='lat' dir='ltr'><strong>officia</strong></span> <span class='ocrx_word' id='word_1_330' title='bbox 1829 4299 1939 4341; x_wconf 79' lang='lat' dir='ltr'><strong>rursus</strong></span> <span class='ocrx_word' id='word_1_331' title='bbox 1968 4290 2103 4363; x_wconf 89' lang='lat' dir='ltr'><strong>occupet</strong></span> 
     </span>
     <span class='ocr_line' id='line_1_26' title="bbox 259 4374 2101 4464; baseline 0.001 -22"><span class='ocrx_word' id='word_1_332' title='bbox 259 4394 302 4454; x_wconf 78' lang='lat' dir='ltr'><strong>(v.</strong></span> <span class='ocrx_word' id='word_1_333' title='bbox 326 4381 502 4455; x_wconf 67' lang='lat' dir='ltr'><strong>239—90l,</strong></span> <span class='ocrx_word' id='word_1_334' title='bbox 531 4380 652 4444; x_wconf 88' lang='lat' dir='ltr'><strong>moechi</strong></span> <span class='ocrx_word' id='word_1_335' title='bbox 676 4389 803 4462; x_wconf 87' lang='lat' dir='ltr'><strong>gentem</strong></span> <span class='ocrx_word' id='word_1_336' title='bbox 826 4377 1037 4442; x_wconf 83' lang='lat' dir='ltr'><strong>acerbissimis</strong></span> <span class='ocrx_word' id='word_1_337' title='bbox 1062 4375 1187 4458; x_wconf 87' lang='lat' dir='ltr'><strong>probris</strong></span> <span class='ocrx_word' id='word_1_338' title='bbox 1210 4374 1322 4451; x_wconf 88' lang='lat' dir='ltr'><strong>afficit,</strong></span> <span class='ocrx_word' id='word_1_339' title='bbox 1351 4377 1467 4457; x_wconf 88' lang='lat' dir='ltr'><strong>ipsum,</strong></span> <span class='ocrx_word' id='word_1_340' title='bbox 1496 4398 1591 4460; x_wconf 92' lang='lat' dir='ltr'><strong>quem</strong></span> <span class='ocrx_word' id='word_1_341' title='bbox 1614 4381 1716 4442; x_wconf 91' lang='lat' dir='ltr'><strong>rirum</strong></span> <span class='ocrx_word' id='word_1_342' title='bbox 1740 4401 1807 4444; x_wconf 86' lang='lat' dir='ltr'><strong>esse</strong></span> <span class='ocrx_word' id='word_1_343' title='bbox 1832 4389 1939 4461; x_wconf 88' lang='lat' dir='ltr'><strong>negat,</strong></span> <span class='ocrx_word' id='word_1_344' title='bbox 1966 4403 2101 4464; x_wconf 83' lang='lat' dir='ltr'><strong>propero</strong></span> 
     </span>
     <span class='ocr_line' id='line_1_27' title="bbox 260 4478 2101 4570; baseline 0.002 -25"><span class='ocrx_word' id='word_1_345' title='bbox 260 4483 350 4570; x_wconf 85' lang='lat' dir='ltr'><strong>abire</strong></span> <span class='ocrx_word' id='word_1_346' title='bbox 371 4481 459 4546; x_wconf 89' lang='lat' dir='ltr'><strong>iubet</strong></span> <span class='ocrx_word' id='word_1_347' title='bbox 485 4499 525 4562; x_wconf 73' lang='lat' dir='ltr'><strong>lv.</strong></span> <span class='ocrx_word' id='word_1_348' title='bbox 550 4486 746 4552; x_wconf 74' lang='lat' dir='ltr'><strong>290-301l:</strong></span> <span class='ocrx_word' id='word_1_349' title='bbox 773 4503 844 4546; x_wconf 90' lang='lat' dir='ltr'><strong>cum</strong></span> <span class='ocrx_word' id='word_1_350' title='bbox 872 4481 978 4544; x_wconf 87' lang='lat' dir='ltr'><strong>subito</strong></span> <span class='ocrx_word' id='word_1_351' title='bbox 1004 4486 1159 4560; x_wconf 88' lang='lat' dir='ltr'><strong>quattuor</strong></span> <span class='ocrx_word' id='word_1_352' title='bbox 1186 4481 1338 4541; x_wconf 86' lang='lat' dir='ltr'><strong>extremis</strong></span> <span class='ocrx_word' id='word_1_353' title='bbox 1359 4478 1501 4544; x_wconf 88' lang='lat' dir='ltr'><strong>versibus</strong></span> <span class='ocrx_word' id='word_1_354' title='bbox 1525 4484 1567 4563; x_wconf 89' lang='lat' dir='ltr'><strong>(v.</strong></span> <span class='ocrx_word' id='word_1_355' title='bbox 1589 4483 1730 4559; x_wconf 79' lang='lat'>306-9)</span> <span class='ocrx_word' id='word_1_356' title='bbox 1753 4503 1825 4544; x_wconf 92' lang='lat' dir='ltr'><strong>cum</strong></span> <span class='ocrx_word' id='word_1_357' title='bbox 1849 4483 1940 4545; x_wconf 91' lang='lat' dir='ltr'><strong>eoin</strong></span> <span class='ocrx_word' id='word_1_358' title='bbox 1963 4485 2101 4566; x_wconf 87' lang='lat' dir='ltr'><strong>gratiam</strong></span> 
     </span>
     <span class='ocr_line' id='line_1_28' title="bbox 262 4581 2101 4665; baseline 0.002 -18"><span class='ocrx_word' id='word_1_359' title='bbox 262 4584 354 4647; x_wconf 87' lang='lat' dir='ltr'><strong>redit.</strong></span> <span class='ocrx_word' id='word_1_360' title='bbox 398 4583 572 4648; x_wconf 83' lang='lat' dir='ltr'><strong>Adduntur</strong></span> <span class='ocrx_word' id='word_1_361' title='bbox 595 4585 744 4646; x_wconf 91' lang='lat' dir='ltr'><strong>nimirum</strong></span> <span class='ocrx_word' id='word_1_362' title='bbox 768 4587 796 4646; x_wconf 92' lang='lat' dir='ltr'><strong>iu</strong></span> <span class='ocrx_word' id='word_1_363' title='bbox 823 4582 969 4648; x_wconf 86' lang='lat' dir='ltr'><strong>omuibus</strong></span> <span class='ocrx_word' id='word_1_364' title='bbox 992 4582 1040 4644; x_wconf 87' lang='lat' dir='ltr'><strong>his</strong></span> <span class='ocrx_word' id='word_1_365' title='bbox 1064 4581 1139 4645; x_wconf 88' lang='lat' dir='ltr'><strong>locis</strong></span> <span class='ocrx_word' id='word_1_366' title='bbox 1162 4601 1290 4651; x_wconf 87' lang='lat' dir='ltr'><strong>causae,</strong></span> <span class='ocrx_word' id='word_1_367' title='bbox 1319 4603 1376 4642; x_wconf 93' lang='lat' dir='ltr'><strong>cur</strong></span> <span class='ocrx_word' id='word_1_368' title='bbox 1399 4582 1565 4645; x_wconf 89' lang='lat' dir='ltr'><strong>consilium</strong></span> <span class='ocrx_word' id='word_1_369' title='bbox 1590 4585 1684 4648; x_wconf 89' lang='lat' dir='ltr'><strong>modo</strong></span> <span class='ocrx_word' id='word_1_370' title='bbox 1708 4592 1837 4665; x_wconf 90' lang='lat' dir='ltr'><strong>captum</strong></span> <span class='ocrx_word' id='word_1_371' title='bbox 1859 4590 2017 4660; x_wconf 65' lang='lat' dir='ltr'><strong>mutatum</strong></span> <span class='ocrx_word' id='word_1_372' title='bbox 2045 4589 2101 4650; x_wconf 86' lang='lat' dir='ltr'><strong>sed</strong></span> 
     </span>
     <span class='ocr_line' id='line_1_29' title="bbox 261 4683 2101 4769; baseline 0 -21"><span class='ocrx_word' id='word_1_373' title='bbox 261 4707 335 4749; x_wconf 90' lang='lat' dir='ltr'><strong>cum</strong></span> <span class='ocrx_word' id='word_1_374' title='bbox 362 4685 565 4750; x_wconf 83' lang='lat' dir='ltr'><strong>brevissimae</strong></span> <span class='ocrx_word' id='word_1_375' title='bbox 592 4689 656 4750; x_wconf 91' lang='lat' dir='ltr'><strong>siut</strong></span> <span class='ocrx_word' id='word_1_376' title='bbox 682 4687 893 4768; x_wconf 76' lang='lat' dir='ltr'><strong>lpaucissimis</strong></span> <span class='ocrx_word' id='word_1_377' title='bbox 920 4687 1004 4748; x_wconf 91' lang='lat' dir='ltr'><strong>enim</strong></span> <span class='ocrx_word' id='word_1_378' title='bbox 1031 4683 1134 4746; x_wconf 91' lang='lat' dir='ltr'><strong>verbis</strong></span> <span class='ocrx_word' id='word_1_379' title='bbox 1162 4683 1274 4745; x_wconf 89' lang='lat' dir='ltr'><strong>iactari</strong></span> <span class='ocrx_word' id='word_1_380' title='bbox 1302 4683 1420 4765; x_wconf 79' lang='lat' dir='ltr'><strong>solent)</strong></span> <span class='ocrx_word' id='word_1_381' title='bbox 1445 4685 1545 4748; x_wconf 88' lang='lat' dir='ltr'><strong>etad</strong></span> <span class='ocrx_word' id='word_1_382' title='bbox 1573 4685 1834 4768; x_wconf 90' lang='lat' dir='ltr'><strong>persuadendum</strong></span> <span class='ocrx_word' id='word_1_383' title='bbox 1861 4689 1977 4769; x_wconf 89' lang='lat' dir='ltr'><strong>spretis</strong></span> <span class='ocrx_word' id='word_1_384' title='bbox 2000 4689 2101 4752; x_wconf 88' lang='lat' dir='ltr'><strong>multo</strong></span> 
     </span>
     <span class='ocr_line' id='line_1_30' title="bbox 262 4785 1692 4870; baseline 0.003 -21"><span class='ocrx_word' id='word_1_385' title='bbox 262 4789 461 4869; x_wconf 87' lang='lat' dir='ltr'><strong>gravioribus</strong></span> <span class='ocrx_word' id='word_1_386' title='bbox 484 4788 571 4852; x_wconf 89' lang='lat' dir='ltr'><strong>haud</strong></span> <span class='ocrx_word' id='word_1_387' title='bbox 593 4789 639 4852; x_wconf 93' lang='lat' dir='ltr'><strong>ita</strong></span> <span class='ocrx_word' id='word_1_388' title='bbox 662 4790 808 4865; x_wconf 89' lang='lat' dir='ltr'><strong>idoneae,</strong></span> <span class='ocrx_word' id='word_1_389' title='bbox 831 4797 897 4852; x_wconf 90' lang='lat' dir='ltr'><strong>tam</strong></span> <span class='ocrx_word' id='word_1_390' title='bbox 919 4786 1025 4852; x_wconf 87' lang='lat' dir='ltr'><strong>subita</strong></span> <span class='ocrx_word' id='word_1_391' title='bbox 1046 4785 1249 4848; x_wconf 88' lang='lat' dir='ltr'><strong>voluntatum</strong></span> <span class='ocrx_word' id='word_1_392' title='bbox 1272 4786 1449 4849; x_wconf 87' lang='lat' dir='ltr'><strong>mutatione</strong></span> <span class='ocrx_word' id='word_1_393' title='bbox 1473 4789 1692 4870; x_wconf 86' lang='lat' dir='ltr'><strong>opprimimur.</strong></span> 
     </span>
    </p>

    <p class='ocr_par' dir='ltr' id='par_1_4' title="bbox 194 4887 2103 5381">
     <span class='ocr_line' id='line_1_31' title="bbox 416 4887 2103 4973; baseline 0 -19"><span class='ocrx_word' id='word_1_394' title='bbox 416 4893 507 4968; x_wconf 84' lang='lat' dir='ltr'><strong>Quod</strong></span> <span class='ocrx_word' id='word_1_395' title='bbox 532 4913 605 4956; x_wconf 90' lang='lat' dir='ltr'><strong>cum</strong></span> <span class='ocrx_word' id='word_1_396' title='bbox 622 4891 759 4954; x_wconf 87' lang='lat' dir='ltr'><strong>Senecae</strong></span> <span class='ocrx_word' id='word_1_397' title='bbox 781 4891 945 4973; x_wconf 88' lang='lat' dir='ltr'><strong>proprium</strong></span> <span class='ocrx_word' id='word_1_398' title='bbox 969 4911 1035 4953; x_wconf 86' lang='lat' dir='ltr'><strong>esse</strong></span> <span class='ocrx_word' id='word_1_399' title='bbox 1054 4888 1210 4964; x_wconf 89' lang='lat' dir='ltr'><strong>videatur,</strong></span> <span class='ocrx_word' id='word_1_400' title='bbox 1232 4887 1322 4950; x_wconf 87' lang='lat' dir='ltr'><strong>aliud</strong></span> <span class='ocrx_word' id='word_1_401' title='bbox 1338 4895 1399 4964; x_wconf 88' lang='lat' dir='ltr'><strong>est,</strong></span> <span class='ocrx_word' id='word_1_402' title='bbox 1424 4890 1455 4951; x_wconf 92' lang='lat' dir='ltr'><strong>iu</strong></span> <span class='ocrx_word' id='word_1_403' title='bbox 1471 4910 1535 4970; x_wconf 91' lang='lat' dir='ltr'><strong>quo</strong></span> <span class='ocrx_word' id='word_1_404' title='bbox 1551 4894 1691 4971; x_wconf 87' lang='lat' dir='ltr'><strong>graviter</strong></span> <span class='ocrx_word' id='word_1_405' title='bbox 1708 4887 1908 4956; x_wconf 86' lang='lat' dir='ltr'><strong>offendimus.</strong></span> <span class='ocrx_word' id='word_1_406' title='bbox 1954 4892 2103 4955; x_wconf 85' lang='lat' dir='ltr'><strong>Rectissi-</strong></span> 
     </span>
     <span class='ocr_line' id='line_1_32' title="bbox 194 4990 2100 5076; baseline -0.001 -19"><span class='ocrx_word' id='word_1_407' title='bbox 194 5039 200 5057; x_wconf 85' lang='lat'>.</span> <span class='ocrx_word' id='word_1_408' title='bbox 263 4994 437 5057; x_wconf 90' lang='lat' dir='ltr'><strong>musenim</strong></span> <span class='ocrx_word' id='word_1_409' title='bbox 462 4995 527 5069; x_wconf 90' lang='lat' dir='ltr'><strong>ille,</strong></span> <span class='ocrx_word' id='word_1_410' title='bbox 552 5015 647 5076; x_wconf 90' lang='lat' dir='ltr'><strong>quem</strong></span> <span class='ocrx_word' id='word_1_411' title='bbox 671 4994 943 5076; x_wconf 87' lang='lat' dir='ltr'><strong>supradiximus,</strong></span> <span class='ocrx_word' id='word_1_412' title='bbox 967 4991 1314 5056; x_wconf 87' lang='lat' dir='ltr'><strong>affectuumdecursus</strong></span> <span class='ocrx_word' id='word_1_413' title='bbox 1338 5010 1402 5054; x_wconf 81' lang='lat' dir='ltr'><strong>uria</strong></span> <span class='ocrx_word' id='word_1_414' title='bbox 1436 5012 1471 5054; x_wconf 92' lang='lat' dir='ltr'><strong>re</strong></span> <span class='ocrx_word' id='word_1_415' title='bbox 1499 4990 1659 5068; x_wconf 89' lang='lat' dir='ltr'><strong>turbatur,</strong></span> <span class='ocrx_word' id='word_1_416' title='bbox 1683 4992 1770 5073; x_wconf 89' lang='lat' dir='ltr'><strong>quod</strong></span> <span class='ocrx_word' id='word_1_417' title='bbox 1792 5015 1819 5056; x_wconf 92' lang='lat' dir='ltr'><strong>v.</strong></span> <span class='ocrx_word' id='word_1_418' title='bbox 1836 4995 1898 5058; x_wconf 81' lang='grc'><strong>436</strong></span> <span class='ocrx_word' id='word_1_419' title='bbox 1914 5015 1961 5074; x_wconf 85' lang='lat' dir='ltr'><strong>sq.</strong></span> <span class='ocrx_word' id='word_1_420' title='bbox 1985 4996 2100 5057; x_wconf 88' lang='lat' dir='ltr'><strong>iterum</strong></span> 
     </span>
     <span class='ocr_line' id='line_1_33' title="bbox 262 5091 2102 5178; baseline 0 -18"><span class='ocrx_word' id='word_1_421' title='bbox 262 5098 302 5160; x_wconf 90' lang='lat' dir='ltr'><strong>de</strong></span> <span class='ocrx_word' id='word_1_422' title='bbox 332 5095 549 5160; x_wconf 82' lang='lat' dir='ltr'><strong>interficiendo</strong></span> <span class='ocrx_word' id='word_1_423' title='bbox 576 5097 690 5160; x_wconf 88' lang='lat' dir='ltr'><strong>marito</strong></span> <span class='ocrx_word' id='word_1_424' title='bbox 717 5098 885 5178; x_wconf 85' lang='lat' dir='ltr'><strong>cogitatur.</strong></span> <span class='ocrx_word' id='word_1_425' title='bbox 929 5093 1011 5158; x_wconf 89' lang='lat' dir='ltr'><strong>Nam</strong></span> <span class='ocrx_word' id='word_1_426' title='bbox 1040 5095 1127 5176; x_wconf 90' lang='lat' dir='ltr'><strong>prius</strong></span> <span class='ocrx_word' id='word_1_427' title='bbox 1156 5095 1242 5156; x_wconf 89' lang='lat' dir='ltr'><strong>necis</strong></span> <span class='ocrx_word' id='word_1_428' title='bbox 1267 5091 1436 5156; x_wconf 90' lang='lat' dir='ltr'><strong>consilium</strong></span> <span class='ocrx_word' id='word_1_429' title='bbox 1462 5113 1483 5156; x_wconf 89' lang='lat' dir='ltr'><strong>a</strong></span> <span class='ocrx_word' id='word_1_430' title='bbox 1507 5092 1659 5156; x_wconf 87' lang='lat' dir='ltr'><strong>Deianira</strong></span> <span class='ocrx_word' id='word_1_431' title='bbox 1685 5093 1774 5158; x_wconf 89' lang='lat' dir='ltr'><strong>haud</strong></span> <span class='ocrx_word' id='word_1_432' title='bbox 1802 5097 1848 5160; x_wconf 89' lang='lat' dir='ltr'><strong>ita</strong></span> <span class='ocrx_word' id='word_1_433' title='bbox 1873 5102 1984 5177; x_wconf 86' lang='lat' dir='ltr'><strong>aperte</strong></span> <span class='ocrx_word' id='word_1_434' title='bbox 2006 5097 2102 5177; x_wconf 89' lang='lat' dir='ltr'><strong>sigui-</strong></span> 
     </span>
     <span class='ocr_line' id='line_1_34' title="bbox 262 5195 2100 5278; baseline -0.003 -16"><span class='ocrx_word' id='word_1_435' title='bbox 262 5197 392 5262; x_wconf 88' lang='lat' dir='ltr'><strong>ficatum</strong></span> <span class='ocrx_word' id='word_1_436' title='bbox 421 5197 512 5278; x_wconf 85' lang='lat' dir='ltr'><strong>(deos</strong></span> <span class='ocrx_word' id='word_1_437' title='bbox 537 5200 620 5262; x_wconf 88' lang='lat' dir='ltr'><strong>enim</strong></span> <span class='ocrx_word' id='word_1_438' title='bbox 648 5199 689 5261; x_wconf 87' lang='lat' dir='ltr'><strong>ad</strong></span> <span class='ocrx_word' id='word_1_439' title='bbox 716 5198 868 5262; x_wconf 90' lang='lat' dir='ltr'><strong>ultionem</strong></span> <span class='ocrx_word' id='word_1_440' title='bbox 895 5198 1039 5262; x_wconf 86' lang='lat' dir='ltr'><strong>evocavit</strong></span> <span class='ocrx_word' id='word_1_441' title='bbox 1064 5217 1101 5260; x_wconf 85' lang='lat' dir='ltr'><strong>ac</strong></span> <span class='ocrx_word' id='word_1_442' title='bbox 1124 5217 1284 5259; x_wconf 89' lang='lat' dir='ltr'><strong>summum</strong></span> <span class='ocrx_word' id='word_1_443' title='bbox 1305 5202 1365 5272; x_wconf 86' lang='lat' dir='ltr'><strong>est,</strong></span> <span class='ocrx_word' id='word_1_444' title='bbox 1398 5195 1485 5278; x_wconf 91' lang='lat' dir='ltr'><strong>quod</strong></span> <span class='ocrx_word' id='word_1_445' title='bbox 1508 5195 1659 5259; x_wconf 88' lang='lat' dir='ltr'><strong>utendam</strong></span> <span class='ocrx_word' id='word_1_446' title='bbox 1683 5217 1716 5259; x_wconf 85' lang='lat' dir='ltr'><strong>se</strong></span> <span class='ocrx_word' id='word_1_447' title='bbox 1737 5198 1783 5260; x_wconf 92' lang='lat' dir='ltr'><strong>eis</strong></span> <span class='ocrx_word' id='word_1_448' title='bbox 1806 5195 1924 5260; x_wconf 85' lang='lat' dir='ltr'><strong>obtulit</strong></span> <span class='ocrx_word' id='word_1_449' title='bbox 1945 5201 2006 5248; x_wconf 65' lang='lat'><strong>‘²⁶7</strong></span> <span class='ocrx_word' id='word_1_450' title='bbox 2030 5220 2064 5248; x_wconf 62' lang='lat' dir='ltr'><strong>sn</strong></span> <span class='ocrx_word' id='word_1_451' title='bbox 2085 5212 2100 5256; x_wconf 81' lang='lat' dir='ltr'><strong>l.</strong></span> 
     </span>
     <span class='ocr_line' id='line_1_35' title="bbox 261 5295 1897 5381; baseline -0.001 -18"><span class='ocrx_word' id='word_1_452' title='bbox 261 5322 282 5363; x_wconf 91' lang='lat' dir='ltr'><strong>a</strong></span> <span class='ocrx_word' id='word_1_453' title='bbox 305 5302 427 5364; x_wconf 88' lang='lat' dir='ltr'><strong>nutrice</strong></span> <span class='ocrx_word' id='word_1_454' title='bbox 450 5297 559 5364; x_wconf 90' lang='lat' dir='ltr'><strong>subtili</strong></span> <span class='ocrx_word' id='word_1_455' title='bbox 583 5319 676 5364; x_wconf 89' lang='lat' dir='ltr'><strong>sensu</strong></span> <span class='ocrx_word' id='word_1_456' title='bbox 698 5301 894 5365; x_wconf 87' lang='lat' dir='ltr'><strong>intellectum</strong></span> <span class='ocrx_word' id='word_1_457' title='bbox 918 5313 959 5369; x_wconf 85' lang='lat' dir='ltr'><strong>lv.</strong></span> <span class='ocrx_word' id='word_1_458' title='bbox 982 5301 1044 5364; x_wconf 84' lang='lat'><strong>315</strong></span> <span class='ocrx_word' id='word_1_459' title='bbox 1066 5301 1128 5381; x_wconf 84' lang='lat' dir='ltr'><strong>sq.)</strong></span> <span class='ocrx_word' id='word_1_460' title='bbox 1151 5297 1389 5362; x_wconf 85' lang='lat' dir='ltr'><strong>excusationem</strong></span> <span class='ocrx_word' id='word_1_461' title='bbox 1411 5295 1510 5361; x_wconf 90' lang='lat' dir='ltr'><strong>habet</strong></span> <span class='ocrx_word' id='word_1_462' title='bbox 1531 5305 1564 5360; x_wconf 92' lang='lat' dir='ltr'><strong>et</strong></span> <span class='ocrx_word' id='word_1_463' title='bbox 1584 5318 1604 5360; x_wconf 89' lang='lat' dir='ltr'><strong>a</strong></span> <span class='ocrx_word' id='word_1_464' title='bbox 1625 5299 1746 5379; x_wconf 88' lang='lat' dir='ltr'><strong>primae</strong></span> <span class='ocrx_word' id='word_1_465' title='bbox 1859 5301 1897 5336; x_wconf 49' lang='lat'><strong>²*</strong></span> 
     </span>
    </p>
   </div>
   <div class='ocr_carea' id='block_1_3' title="bbox 0 0 2367 5732">
    <p class='ocr_par' dir='ltr' id='par_1_5' title="bbox 0 0 2367 5732">
     <span class='ocr_line' id='line_1_36' title="bbox 0 0 2367 5732; baseline 0 0"><span class='ocrx_word' id='word_1_466' title='bbox 0 0 2367 5732; x_wconf 95' lang='lat' dir='ltr'><strong> </strong></span> 
     </span>
    </p>
   </div>
  </div>
 </body>
</html>
