4717 5734
1158 340 1246 434 -28

283 596 341 640 suo
363 575 502 640 flumine.
550 574 644 639 Aliud
667 581 728 653 est,
751 575 839 655 quod
861 577 1076 640 miserrimum
1098 575 1132 638 in
1153 576 1286 639 modum
1310 599 1337 639 v.
1363 579 1443 641 1087
1467 595 1514 659 sq.
1537 575 1701 640 5110111111
1724 577 2050 661 (15551151155511151.
2076 581 2126 654 10,

284 683 324 742 55
347 681 410 760 55.)
431 677 613 760 discrepare
636 675 807 742 Goebelius
829 676 865 761 (l.
881 675 901 742 l.
917 699 947 760 p.
970 667 1047 762 740)
1070 679 1156 742 dicit.
1202 674 1268 743 Sed
1289 676 1353 742 hoc'
1372 699 1436 743 non
1460 687 1522 755 est,
1542 700 1600 742 cur
1622 677 1707 745 hunc
1728 679 1834 744 locum
1850 680 2024 744 deleamus.
2058 681 2128 744 Hac

283 780 368 843 enim
387 779 458 863 lege
481 801 590 844 omnes
611 779 672 844 loci
695 778 865 844 deleantur
891 800 1018 844 necesse
1041 787 1103 856 est,
1126 780 1245 862 quibus
1270 779 1387 844 similia
1412 781 1495 844 51151
1520 780 1719 845 dissimiliter
1750 781 1792 846 ab
1825 782 1927 847 altero
1960 786 2127 846 tractavit:

284 901 407 964 semper
427 883 512 946 enim
534 883 641 964 potior
658 889 708 946 est
730 881 870 945 01111155.
915 880 979 947 Sed
1000 901 1037 946 eo
1060 885 1164 946 minus
1186 881 1359 947 Goebelius

369 983 461 1048 Herc.
486 983 555 1049 Oet.
579 987 675 1051 1089:
702 995 786 1064 5555
809 983 1108 1060 551555111515111,
1131 985 1216 1066 perit

282 1088 464 1169 vituperare
487 1085 659 1151 11511511-
685 1086 763 1150 dicit
784 1093 906 1152 autem:
933 1091 1031 1163 „nata
1054 1087 1170 1150 iterum
1194 1107 1258 1151 non
1274 1092 1356 1163 erat,
1380 1107 1438 1151 nec
1452 1089 1550 1168 perit,
1573 1086 1630 1151 sed
1653 1086 1829 1152 1515111151ι
1845 1126 1885 1135 -
1904 1110 1979 1154 uam
1995 1088 2127 1154 Ovidius

284 1191 349 1271 ipse
375 1209 503 1270 qnoque
530 1187 605 1252 Met.
634 1190 682 1266 10,
699 1191 755 1256 601
786 1189 934 1271 „iamque
965 1188 1081 1252 iterum
1104 1189 1274 1252 moriens.“
1296 1227 1338 1234 —-
1361 1189 1412 1252 lld
1429 1188 1524 1253 Herc.
1552 1188 1619 1254 Oet.
1647 1192 1728 1254 1092
1762 1190 1933 1256 Goebelius
1960 1192 2129 1255 adnotavit

282 1292 324 1354 511
352 1291 450 1355 Getas
475 1289 652 1373 Rhodopen
681 1288 759 1352 nihil
788 1291 958 1372 pertinere.
1004 1289 1067 1355 Sed
1095 1287 1193 1354 Getas
1222 1291 1307 1354 inter
1327 1291 1466 1356 Thraces
1495 1299 1619 1355 1515155
1643 1291 1792 1356 solebant
1821 1314 1992 1358 numerare
2022 1314 2126 1374 neque

284 1394 376 1458 nimis
397 1395 510 1475 exigue
533 1398 566 1456 et
587 1390 749 1457 subtiliter
773 1393 815 1454 ad
837 1391 978 1456 calculos
1006 1411 1074 1455 rem
1096 1392 1273 1456 vocandam
1308 1415 1376 1458 esse
1412 1413 1534 1458 censeo.
1579 1393 1672 1469 Quod
1703 1402 1812 1474 autem
1843 1394 1918 1459 huic
1948 1396 2126 1460 narrationi

282 1495 375 1560 Herc.
399 1493 919 1576 111569-555155551155.
942 1493 1061 1558 51511155
1081 1513 1149 1558 esse
1169 1495 1347 1559 1111155155
1368 1495 1464 1572 dixit,
1491 1495 1552 1558 hoc
1574 1504 1763 1577 argumento
1787 1499 1904 1562 rectius
1926 1520 1984 1582 pro
2006 1499 2129 1562 Seneca

282 1604 411 1664 5551515
434 1597 571 1680 pugnari
594 1617 691 1678 quarn
714 1602 828 1660 contra
849 1617 923 1660 eum
945 1615 1044 1678 supra
1063 1596 1212 1660 diximus.

437 1698 582 1764 Alterum
605 1696 711 1763 locum
734 1699 904 1780 temptavit
927 1695 1100 1763 Goebelius
1120 1698 1214 1766 Herc.
1235 1698 1304 1766 Oet.
1330 1703 1389 1764 156
1413 1719 1460 1780 sq.
1484 1698 1518 1775 (l.
1541 1699 1561 1762 l.
1578 1721 1608 1781 p.
1623 1700 1739 1782 74314).
1783 1700 1881 1764 Ρ5151
1903 1703 1988 1764 enim
2012 1725 2039 1765 1.
2064 1703 2126 1766 163

282 1805 365 1866 —72
393 1801 553 1866 eiciendos
580 1819 662 1878 esse,
690 1801 829 1882 primum
857 1799 944 1880 qnod
968 1819 1092 1878 versus,
1117 1800 1235 1882 quibus
1256 1801 1328 1866 5515
1351 1801 1486 1866 chorum
1507 1803 1626 1883 excipit
1647 1801 1733 1881 (inde
1756 1823 1823 1866 51.
1850 1804 1937 1882 173),
1961 1805 2127 1886 aptissime

283 1902 496 1986 respondeant
517 1924 544 1966 1.
557 1907 625 1970 162.
674 1901 736 1968 Sed
759 1903 898 1984 primurn
920 1901 1051 1984 quidem
1073 1901 1421 1968 1511551515151155551
1442 1908 1676 1984 argumentum,
1700 1905 1788 1985 quod
1811 1905 1859 1969 151
1882 1908 1990 1988 aptius
2001 1906 2125 1987 aliquid

281 2007 414 2073 15155111
442 2012 556 2089 potest.
606 2003 729 2068 Deinde
760 2004 917 2086 numquid
939 2005 1045 2068 minus
1067 2004 1134 2086 apti
1157 2005 1344 2069 sunt-Ioles
1365 2025 1488 2080 151555,
1516 2005 1544 2067 51
1567 2007 1763 2070 antecedunt
1782 2031 1809 2072 1.
1835 2008 2001 2073 163-721
2045 2008 2125 2072 Cum

281 2110 366 2172 enim
390 2109 517 2191 patriae
539 2106 699 2171 excidium
721 2106 839 2171 chorus
857 2106 990 2183 luxerit,
1015 2125 1121 2170 nonne
1144 2113 1218 2189 apte
1240 2104 1328 2171 dole:
1362 2125 1436 2190 „vos
1455 2107 1594 2188 patriam
1616 2115 1650 2170 et
1669 2129 1854 2173 communes
1876 2111 2018 2175 omniurn
2040 2110 2127 2176 cala·

280 2213 409 2275 mitates
424 2208 576 2292 plangite,
595 2230 646 2273 me
661 2228 806 2273 meorum
823 2206 997 2272 internecio
1013 2229 1147 2290 meaque
1162 2210 1300 2273 seruitus
1316 2191 1631 2274 1555115515515111ιι
1675 2209 1741 2274 Nec
1762 2213 1892 2294 gravius
1912 2213 2125 2287 55151151515,

280 2313 368 2394 quod
393 2311 529 2394 protulit
552 2310 736 2388 Goebelius,
764 2316 1005 2393 argumentum:
1037 2332 1065 2374 1.
1094 2313 1238 2376 tce—tt
1265 2331 1409 2393 pugnare
1431 2317 1546 2376 contra
1567 2310 1746 2395 lugentium
1766 2321 1930 2392 naturam,
1954 2335 2027 2378 cum
2048 2335 2127 2379 con-

281 2423 470 2479 sentaneum
498 2417 553 2492 sit,
581 2418 751 2496 postquam
773 2413 915 2495 patriam
935 2411 1048 2476 urbem
1071 2413 1112 2476 ab
1136 2412 1275 2476 Hercule
1297 2419 1427 2496 captam
1448 2433 1516 2477 5555
1537 2421 1636 2495 51555
1659 2435 1802 2479 eversam
1825 2419 2125 2498 pronuntiaverunt,

279 2519 492 2581 conticescere
508 2536 562 2580 555
578 2537 615 2580 55
631 2516 731 2580 155151
746 2537 779 2580 55
794 2516 932 2579 tradere.
977 2514 1090 2580 Athoc
1101 2516 1147 2580 sic
1159 2522 1390 2580 cusentaneum
1401 2522 1459 2598 est,
1482 2518 1611 2581 omnino
1624 2525 1731 2582 mutae
1743 2539 1871 2582 necesse
1883 2525 1932 2583 551
1947 2521 1979 2582 15
1994 2541 2125 2584 5555551

278 2620 438 2701 prodeant
452 2639 555 2700 neque
567 2618 669 2682 ullum
683 2617 816 2683 verbum
828 2615 948 2681 faciant
958 2625 991 2682 et
1006 2617 1133 2682 silentio
1150 2615 1271 2682 doloris
1286 2617 1541 2700 magnitudinem
1553 2619 1790 2685 demonstrent:
1812 2643 1850 2685 55
1872 2621 2125 2704 pulcherrimum

279 2724 340 2787 hoc
368 2726 474 2786 55151
502 2719 668 2803 Sophoclis
693 2721 887 2784 auctoritate
915 2719 1096 2800 probatum.
1142 2719 1300 2797 Quoniam
1328 2740 1403 2783 1515
1427 2718 1565 2784 Senecae
1591 2722 1713 2803 placuit
1738 2723 1843 2786 verbis
1865 2723 1937 2788 11155
1960 2723 2125 2789 effundere

279 2825 415 2902 dolores,
438 2822 574 2906 singula,
597 2843 681 2904 quae
704 2823 862 2904 dicantur,
883 2828 997 2903 555155
1019 2822 1159 2904 praecipi
1184 2843 1247 2886 non
1270 2828 1413 2903 possunt.
1457 2823 1504 2885 Ac
1526 2822 1554 2886 si
1575 2823 1655 2887 nibil
1676 2825 1739 2890 dici
1761 2846 1818 2907 per
1841 2826 2030 2891 Goebelium
2050 2827 2126 2892 licet

280 2929 338 2992 nisi
355 2935 484 3009 5551515
503 2944 571 2989 esse
593 2923 742 3007 patriam,
765 2923 884 2987 multos
905 2931 938 2987 51
960 2923 1041 2988 51155
1060 2943 1178 3005 555555
1200 2924 1472 3007 5155515115515155
1494 2923 1590 2988 huius
1611 2927 1700 2991 chori
1723 2929 1808 2992 locos
1830 2929 1937 2993 delere
1960 2929 2123 2993 debemus.

280 3033 342 3107 „ht
368 3030 518 3111 ineptias,
550 3029 668 3108 inquit,
697 3025 894 3109 proleruirt.“
938 3024 1023 3090 Num
1051 3027 1156 3108 inepte
1177 3027 1289 3091 dicunt
1311 3025 1500 3091 Oechalides
1523 3028 1676 3092 invictum
1698 3029 1870 3095 Herculem
1894 3052 1950 3095 1155
1973 3034 2124 3113 55155515

279 3129 527 3215 comparabilem
543 3137 732 3210 tantamque
755 3149 845 3192 suam
862 3149 929 3192 5555
952 3127 1090 3205 cladem,
1114 3131 1236 3192 utiam
1259 3127 1339 3191 nihil
1361 3128 1463 3210 possit
1483 3128 1579 3192 addi?
1593 3167 1635 3176 -
1651 3129 1794 3212 Denique
1818 3132 1987 3198 Goebelius
2010 3157 2037 3197 1.
2061 3139 2123 3201 159

281 3237 361 3299 -61
390 3233 520 3310 delevit,
553 3232 640 3314 quod
667 3230 861 3296 Parthorum
895 3231 1014 3294 montio
1048 3230 1144 3294 simul
1175 3239 1289 3295 contra
1316 3238 1496 3312 temporum
1523 3233 1754 3315 regionumque
1781 3237 1938 3300 rationem
1966 3245 2121 3320 peccaret.

280 3337 342 3400 Sed
363 3336 394 3400 iu
419 3354 483 3416 qua
505 3335 638 3399 tandem
660 3355 699 3398 ex
722 3333 871 3397 omnibus
892 3331 943 3396 his
965 3333 1139 3414 tragoediis
1164 3330 1287 3409 Parthi,
1311 3339 1348 3395 ut
1370 3335 1437 3415 ipse
1459 3333 1547 3409 dicit,
1571 3335 1735 3401 decantati
1755 3358 1816 3402 non
1840 3348 1987 3420 pugnant
2009 3347 2124 3403 555115

279 3445 459 3520 temporum
487 3439 718 3520 regionumque
745 3433 923 3499 rationem?
970 3431 1055 3497 Num
1082 3433 1196 3498 melius
1224 3442 1517 3499 commemorantur
1544 3436 1623 3521 Thy.
1650 3441 1722 3504 384.
1746 3444 1816 3505 469.
1842 3443 1919 3522 603,
1947 3440 2024 3504 0511.
2052 3444 2123 3518 119,

279 3539 362 3604 Med.
376 3544 448 3616 710,
472 3538 673 3616 Phocaeae,
697 3537 834 3603 Phaedr.
850 3536 932 3602 816?
976 3535 1068 3614 Quid,
1091 3536 1178 3618 quod
1201 3537 1233 3600 in
1255 3555 1383 3618 quaque
1405 3537 1469 3601 fere
1491 3541 1610 3620 pagina
1632 3551 1805 3605 occurrunt
1827 3544 1956 3606 nomina
1978 3545 2123 3626 gentium

279 3664 318 3706 55
339 3643 505 3724 regionum
528 3640 663 3706 heroum
683 3638 881 3722 temporibus
902 3657 1033 3720 prorsus
1056 3638 1259 3720 ignotarum?

430 3743 498 3808 Iam
511 3743 651 3808 Leonem
666 3742 842 3807 audiamus.
876 3741 937 3818 Qui
953 3742 1101 3824 primum,
1124 3762 1220 3822 quem
1236 3742 1447 3823 impugnaret,
1470 3740 1576 3805 locum
1591 3743 1687 3826 elegit
1709 3743 1769 3808 sibi
1790 3745 1883 3809 Herc.
1905 3746 1974 3810 Oet.
1998 3751 2122 3828 84255.

278 3846 314 3928 (l.
337 3845 357 3912 l.
381 3867 410 3928 p.
434 3849 474 3910 53
498 3848 570 3931 55.).
614 3845 674 3924 „Si
696 3845 816 3927 superi,
840 3844 958 3925 inquit,
981 3843 1153 3908 Herculem
1181 3848 1366 3925 reposcunt,
1394 3835 1457 3907 non
1485 3851 1534 3909 551
1557 3844 1726 3910 Deianirae
1743 3847 1860 3924 scelus,
1888 3870 1952 3928 quo
1975 3851 2122 3913 occidit.“

279 3948 342 4012 Sed
362 3949 468 4027 timeo,
492 3969 532 4012 ne
551 3948 683 4012 doctum
705 3947 808 4010 virum
830 3945 956 4028 fugerit,
980 3965 1046 4027 qua
1068 3945 1198 4009 tandem
1218 3946 1251 4008 in
1274 3965 1309 4007 re
1332 3965 1457 4009 summa
1479 3944 1573 4011 huius
1596 3948 1656 4012 loci
1680 3957 1713 4012 et
1737 3951 1905 4013 Deianirae
1928 3973 2002 4014 cnm
2026 3951 2124 4034 Hyllo

278 4051 505 4133 disputationis
527 4049 633 4132 posita
655 4055 746 4114 esset.
790 4048 902 4130 Neque
925 4049 1009 4112 enirn
1032 4052 1129 4130 negat
1151 4046 1207 4110 ille
1228 4047 1287 4110 lati
1308 4046 1405 4129 55155
1426 4069 1460 4111 55
1484 4050 1515 4111 in
1538 4049 1640 4114 scelus
1660 4051 1824 4115 incidisse:
1852 4059 1994 4123 attamen
2018 4075 2124 4135 poena

278 4153 336 4216 sihi
353 4153 451 4236 digna
473 4173 540 4218 esse
561 4152 697 4217 videtur.
743 4151 792 4214 115
813 4152 897 4215 enim
920 4149 1068 4215 solebant
1088 4156 1213 4214 veteres
1235 4150 1386 4226 iudicare,
1409 4152 1464 4231 qui
1485 4172 1524 4214 ex
1545 4149 1612 4216 lato
1634 4160 1667 4216 et
1687 4153 1823 4218 deorum
1845 4156 1975 4218 numine
1999 4156 2121 4220 5511551

278 4254 436 4337 putabant
467 4255 596 4320 sceleris
626 4273 695 4317 esse
728 4255 979 4327 excusationem,
1010 4253 1101 4316 cuius
1128 4253 1285 4334 opinionis
1312 4251 1486 4334 Oedipodis
1507 4261 1539 4318 et
1558 4255 1664 4319 Aiacis
1687 4255 1815 4319 fabulae
1842 4258 2019 4322 certissima
2046 4265 2122 4322 5551

278 4357 432 4440 exempla.
476 4356 527 4420 115
549 4357 701 4420 nimirum
723 4357 820 4419 etiam
845 4355 965 4420 Seneca
987 4355 1148 4431 indicavit,
1172 4353 1210 4418 cl.
1225 4353 1318 4419 Herc.
1341 4353 1402 4419 fur.
1427 4358 1518 4421 1338.
1541 4357 1658 4421 Phoen.
1682 4362 1812 4440 45155.
1838 4362 1899 4425 538
1921 4382 1967 4440 55.
1992 4366 2120 4440 55455.

277 4459 328 4524 115
350 4460 516 4524 Deianira:
1178 4524 1184 4535 ,

362 4561 455 4627 11515.
485 4560 555 4626 Oet.
588 4561 665 4625 887:
689 4557 876 4639 Quicunque
899 4557 964 4623 fato
987 4559 1124 4640 ignoscit
1146 4565 1179 4623 et
1201 4562 1304 4640 parcit
1326 4558 1387 4621 sibi

689 4681 797 4725 errare
819 4661 946 4724 meruit·
969 4667 1072 4724 morte
1095 4661 1241 4724 damnari
1264 4659 1378 4742 placet.

583 4767 659 4830 890:
683 4762 769 4827 Mors
792 4764 975 4826 innocentes
994 4762 1063 4826 sola
1086 4763 1236 4844 deceptos
1258 4761 1343 4825 facit.

583 4870 654 4932 901.
682 4864 811 4949 Hyllus:
1011 4864 1079 4929 fata
1101 4866 1173 4946 quis
1196 4863 1329 4927 damnat
1347 4865 1425 4928 sua?

682 4967 750 5032 Dei.
794 4966 982 5049 Quicunque
1007 4967 1075 5030 lata
1097 4967 1208 5048 iniqua
1228 4966 1360 5028 sortitus
1381 4966 1451 5030 firit.

430 5071 549 5135 Contra
570 5070 685 5154 Hyllus
707 5071 802 5132 matri
827 5068 1018 5151 obloquens:

584 5175 660 5238 886:
681 5171 762 5236 baut
783 5179 832 5236 551
853 5193 978 5248 1155555,
1001 5172 1184 5252 quicunque
1206 5189 1268 5232 non
1290 5177 1403 5252 sponte
1424 5179 1474 5234 est
1494 5193 1618 5236 nocens.

581 5277 658 5342 9831
681 5276 808 5356 ignosce
830 5273 919 5338 151151
942 5293 1034 5338 51151
1055 5295 1075 5336 5
1095 5273 1191 5354 55155
1212 5279 1313 5336 15551.
