4717 5734
1146 336 1188 398 2⁵

1071 423 1276 430 —--.--—.

286 613 290 622 ·
402 569 626 636 1000010000
653 569 801 634 Herculis
828 569 938 634 Oetaei
965 569 1065 649 locos,
1098 570 1216 653 quibus
1242 577 1407 636 auctorem
1433 569 1574 652 reliquas
1603 569 1729 634 fabulas
1760 569 1810 635 vel
1840 571 2015 653 respexisse
2046 571 2096 637 vel

250 673 444 756 expressisse
465 673 529 738 Leo
552 673 731 751 contendit,
759 691 934 754 quamqam
951 673 1058 756 tetigit
1080 675 1187 756 potius
1209 693 1278 738 rem
1304 693 1404 754 quam
1430 671 1614 756 explicavit,
1642 671 1869 737 examinemus.
1913 671 2094 738 Verborum

247 777 333 842 onim
355 777 440 841 inter
461 774 554 840 Horo.
583 775 650 839 Oet.
675 777 808 856 84100.
833 781 867 838 01
892 773 969 840 Oed.
996 778 1077 840 1024
1104 797 1150 858 sq.
1179 774 1269 840 nulla
1295 774 1555 841 0010100111000,
1600 775 1839 840 Sententiarum
1868 781 1979 838 antem
2008 794 2093 857 quae

246 880 299 954 sit,
320 877 557 944 demonstrabo.
591 877 724 942 Jocasta
739 878 822 940 enim
839 875 1041 941 dubitantem
1056 879 1160 959 primo
1176 897 1214 942 00
1230 875 1390 942 nolentem
1406 877 1550 940 animum
1565 877 1608 941 ad
1623 878 1735 941 mortis
1751 875 1920 940 consilium
1932 875 2096 959 compellit

251 981 540 1064 (0001004-7),
565 980 716 1044 Deianira
742 979 821 1042 item
844 976 983 1042 breviter
1009 999 1042 1044 se
1068 977 1240 1044 cohortata
1264 979 1348 1044 mori
1375 980 1542 1044 constituit
1566 977 1678 1063 (Herc.
1700 977 1770 1042 001.
1796 979 1947 1062 844-6).
1992 977 2094 1043 Simul

247 1104 394 1167 (ausam,
415 1103 473 1148 cur
495 1081 698 1146 moriendum
720 1083 776 1163 sit,
804 1079 861 1144 ills
882 1081 987 1159 00011,
1019 1080 1108 1163 0000
1129 1080 1271 1146 humana
1298 1083 1370 1146 iura
1388 1082 1497 1146 omnia
1518 1081 1691 1159 miscuerit,
1724 1080 1818 1162 haec,
1846 1080 1935 1162 qnod
1955 1079 2094 1146 Hercule

248 1184 360 1248 orbem
391 1187 562 1267 privaverit
594 1184 647 1268 (01.
672 1183 766 1248 Herc.
793 1183 861 1248 Oet.
894 1185 1177 1265 8541081100).
1220 1181 1282 1247 1110
1309 1203 1348 1247 00
1375 1181 1507 1248 fulmine
1539 1184 1671 1266 quidem
1703 1186 1800 1248 iotam
1833 1183 1911 1247 satis
1944 1203 2094 1266 magnam

248 1307 385 1369 poenam
412 1287 561 1351 daturam
587 1308 620 1350 se
641 1305 709 1350 esse
736 1292 844 1368 sperat
870 1285 962 1368 (Oed.
993 1283 1296 1366 1008-31);11000
1323 1306 1397 1349 cum
1423 1293 1520 1350 antea
1547 1307 1567 1350 a
1599 1285 1678 1350 Jove
1705 1287 1847 1368 petierit,
1874 1291 1912 1348 ut
1938 1286 2094 1350 acerrimo

247 1409 282 1452 se
302 1389 367 1452 telo
391 1397 571 1454 contereret
592 1395 625 1452 st
645 1388 859 1453 contunderet
879 1387 987 1466 (Herc.
1011 1387 1080 1452 Oet.
1104 1389 1278 1470 stt-54),
1301 1408 1376 1452 mox
1394 1388 1542 1470 perdens
1556 1390 1638 1452 mori
1654 1408 1718 1452 non
1733 1386 1816 1468 vult,
1839 1408 1912 1451 cum
1928 1388 2098 1470 coniugem¹

251 1489 383 1556 Aloidae
416 1511 523 1558 necem
559 1501 671 1573 optare
703 1491 832 1572 pudeat.
877 1489 937 1554 Illa
970 1511 1043 1554 eum
1072 1489 1157 1554 ferro
1189 1497 1324 1555 mortem
1347 1497 1457 1573 petere
1490 1491 1693 1555 constituerit
1727 1489 1953 1573 (0001027),
1984 1491 2095 1554 statim

252 1591 375 1658 1111000
403 1591 497 1658 otlert
531 1593 722 1668 necandam,
757 1601 794 1656 ut
825 1592 937 1656 eodem
968 1613 1043 1656 ense
1075 1593 1172 1658 cadat
1205 1613 1244 1656 ac
1276 1591 1373 1658 Laius
1406 1593 1599 1677 (1030-0);
1632 1601 1716 1671 tum,
1747 1613 1821 1657 oum
1852 1593 1918 1657 suis
1947 1591 2097 1657 manibus

252 1717 319 1760 rem
347 1694 577 1760 conficiendam
605 1715 674 1758 esse
700 1695 820 1772 videat,
852 1715 918 1777 qua
944 1695 1088 1778 corporis
1116 1703 1208 1778 parte
1230 1694 1352 1760 ferrum
1374 1697 1526 1778 excipiat,
1554 1693 1692 1758 dubitat.
1737 1694 1888 1758 Deianira
1909 1715 1984 1758 vero
2007 1697 2097 1760 varia

249 1817 369 1880 genera
391 1799 477 1862 necis
498 1797 676 1879 perlustrat
699 1797 787 1862 nullo
807 1799 886 1861 satis
908 1803 1060 1862 contentu
1080 1817 1119 1862 ac
1140 1796 1382 1880 primumJovis
1403 1795 1544 1873 fulmine,
1566 1797 1682 1862 deinde
1705 1816 1763 1861 sua
1784 1817 1892 1874 manu,
1914 1804 1987 1880 post
2008 1797 2093 1863 saltu

252 1901 283 1962 in
307 1921 460 1982 praeceps
489 1900 611 1976 dando,
639 1907 709 1964 tum
733 1920 806 1964 ense
829 1898 1006 1976 Herculeo,
1033 1919 1107 1964 mox
1129 1900 1216 1964 saxis
1237 1919 1276 1962 ac
1297 1898 1419 1964 lacibus
1442 1897 1483 1963 ab
1505 1900 1596 1964 iratis
1618 1898 1746 1982 populis
1766 1898 1936 1981 iaciendis,
1956 1899 2095 1981 denique

250 2001 553 2068 thlminealunoue
568 2002 748 2084 spargendo
772 2004 854 2066 vitae
877 2001 974 2066 finem
996 1999 1100 2066 iacere
1121 2002 1211 2083 eupit
1231 1999 1609 2085 (11000001845-841
1654 2001 1738 2079 Quid
1757 1999 1807 2065 his
1827 2000 1905 2065 loeis
1927 2021 2094 2067 commuue

251 2111 303 2168 est
323 2111 382 2170 ant
402 2104 518 2180 sirnile,
541 2105 601 2168 nisi
624 2103 706 2168 forte
729 2103 761 2166 id
784 2103 877 2182 dicis,
898 2103 986 2186 quod
1010 2111 1147 2186 utroque
1170 2102 1241 2168 loco
1264 2102 1433 2168 dubitatur
1451 2105 1492 2169 de
1509 2104 1606 2169 nece?
1651 2103 1807 2170 Universa
1830 2103 1930 2185 igitur
1950 2102 2095 2170 locorum

251 2205 386 2272 consilio
412 2227 449 2270 ac
472 2207 679 2289 dispositione
707 2205 817 2282 simili,
848 2205 1061 2288 explicatione
1094 2205 1310 2272 diversissima
1342 2205 1418 2284 quid
1444 2207 1641 2270 iudicemus?
1689 2204 1890 2270 Imitatorem
1914 2213 2095 2272 statuamus

250 2330 291 2373 an
328 2309 471 2374 eiusdem
504 2309 644 2377 auctoris
675 2308 706 2372 in
736 2308 890 2374 universis
915 2307 1013 2373 rebus
1039 2306 1100 2373 sibi
1126 2309 1317 2384 constantis,
1356 2308 1483 2391 singula
1513 2331 1553 2372 ex
1584 2309 1750 2391 proposito
1777 2306 1915 2372 iucunde
1941 2311 2095 2374 variantis

251 2432 381 2478 manum
404 2417 511 2493 atque.
523 2411 686 2492 ingenium
705 2409 955 2491 cognoscamus?

406 2528 496 2592 lnter
524 2528 616 2592 Herc.
639 2527 708 2593 001.
734 2531 814 2595 1377
836 2549 883 2611 sq.
911 2538 944 2594 et
970 2528 1063 2592 Here.
1086 2528 1148 2594 fur.
1174 2531 1257 2596 1006
1281 2529 1361 2595 nibil
1385 2551 1454 2596 esse
1476 2550 1643 2595 commune
1666 2529 1772 2606 video,
1797 2530 1857 2593 nisi
1879 2530 1968 2611 quod
1990 2539 2023 2594 et
2043 2529 2096 2596 hic

250 2631 369 2696 0111110
392 2631 472 2696 caeli
497 2633 528 2693 in
552 2628 723 2694 Herculem
746 2631 863 2694 ruituri
885 2630 1078 2716 (0000001.
1103 2634 1243 2714 138500.
1266 2633 1360 2698 Hero.
1376 2631 1437 2702 fur.
1463 2633 1630 2716 110400),
1654 2630 1836 2696 Promethei
1859 2637 2095 2698 tormentorum

249 2733 360 2814 (Herc.
385 2735 454 2798 Oet.
483 2735 560 2798 1377
584 2753 631 2814 00.
655 2731 748 2796 Herc.
772 2733 831 2796 fur.
859 2737 938 2800 1006
962 2734 1038 2817 sq.),
1060 2731 1307 2817 Symplegadum
1334 2733 1443 2816 (Herc.
1467 2736 1537 2800 001.
1561 2736 1642 2800 1380
1664 2755 1712 2816 00.
1736 2733 1827 2800 Herc.
1851 2733 1911 2799 fur.
1935 2739 2019 2802 1010
2033 2741 2094 2818 sq.)

252 2837 372 2901 mentio
396 2833 440 2900 fit.
486 2835 573 2900 Haec
597 2843 705 2900 autem
727 2855 791 2899 non
813 2833 975 2919 sufficere,
1004 2843 1040 2899 ut
1062 2835 1102 2900 de
1126 2837 1306 2902 imitatione
1328 2839 1506 2920 quidquam
1528 2837 1696 2919 probetur,
1720 2857 1814 2901 nemo
1836 2836 1979 2919 negabit,
2003 2859 2095 2921 prae·

130 2955 132 2962 “
251 2941 362 3004 sertim
384 2959 457 3002 cum
478 2939 661 3002 universum
684 2937 850 3002 eonsilium
873 2936 1005 3002 alterius
1027 2937 1088 3001 loci
1111 2936 1208 3022 plane
1230 2939 1271 3002 ab
1294 2939 1397 3005 altero
1419 2939 1603 3005 abhorreat
1647 2938 1686 3003 ln
1708 2939 1847 3003 Hercule
1869 2937 1989 3004 Oetaeo
2009 2943 2094 3007 enim

249 3063 323 3106 cum
337 3041 475 3106 hostum
487 3039 720 3121 alioscorporis
736 3043 895 3105 cruciatos
910 3040 1110 3104 saevissimos
1125 3039 1253 3105 iortiter
1275 3063 1312 3106 ao
1334 3044 1402 3107 sine
1423 3042 1490 3108 ulla
1509 3041 1607 3106 flebili
1629 3041 1860 3106 lamentatione
1881 3041 2095 3108 toleraturum

251 3165 285 3207 se
313 3163 382 3208 esse
410 3139 565 3206 Hercules
591 3141 774 3223 pollicetur,
800 3143 961 3224 praesenti
989 3141 1074 3206 malo
1096 3161 1209 3224 parem
1230 3164 1265 3208 se
1286 3165 1354 3209 esse
1377 3151 1483 3226 negat.
1526 3143 1565 3208 In
1587 3142 1725 3208 Hercule
1747 3143 1873 3208 furente
1894 3142 1987 3222 haec,
2011 3167 2094 3227 quae

252 3246 497 3320 nominavimus,
522 3251 558 3305 ut
581 3244 697 3307 iustam
720 3264 855 3325 poenam
877 3265 941 3308 uon
965 3251 1191 3309 recusaturum
1211 3265 1246 3310 se
1268 3265 1336 3310 esse
1356 3244 1573 3329 profitetur.*)

407 3362 506 3426 Porro
531 3361 665 3427 Phaedr.
694 3366 821 3429 sla-9
857 3385 929 3427 cum
957 3361 1051 3428 Herc.
1077 3362 1146 3428 Oet.
1173 3369 1255 3431 1652
1278 3386 1324 3449 00.
1371 3365 1435 3430 Leo
1465 3366 1558 3429 iussit
1584 3367 1773 3447 comparari.
1817 3363 1908 3430 illius
1932 3366 1993 3432 loci
2015 3365 2094 3432 haec

252 3473 301 3528 est
322 3467 495 3530 sententia:
519 3471 612 3530 tanta
633 3473 681 3529 est
705 3463 902 3549 Hippolyti
924 3466 971 3529 vis
990 3471 1022 3528 et
1043 3464 1204 3542 habilitas,
1226 3474 1262 3531 ut
1282 3467 1423 3532 iaculum
1445 3466 1572 3550 lougius
1593 3467 1702 3530 mittat
1723 3487 1820 3549 quam
1843 3467 1953 3532 Cretes
1975 3467 2094 3532 harun-

253 3566 371 3646 dinem,
407 3569 532 3648 sagittis
564 3588 638 3632 1000
670 3589 794 3650 semper
821 3568 869 3632 vel
897 3568 937 3631 00
966 3567 1079 3632 mediis
1106 3565 1247 3632 nubibus
1274 3569 1427 3652 praedam
1453 3567 1545 3634 ferat.
1596 3567 1743 3634 Herculis
1770 3568 1890 3634 Oetaeo
1916 3569 1988 3634 loco
2014 3569 2095 3634 haec

252 3669 415 3750 leguntur:
453 3691 564 3734 arcus
598 3669 745 3734 Herculei
777 3691 815 3734 00
845 3678 894 3734 001
926 3670 972 3734 vis
999 3675 1032 3734 et
1055 3670 1169 3745 virtus,
1205 3678 1241 3734 ut
1267 3693 1444 3754 numquam
1471 3674 1550 3737 vitet
1575 3670 1714 3750 hostem,
1742 3670 1791 3736 vel
1817 3673 1857 3736 de
1882 3672 1989 3736 media
2009 3673 2094 3738 nube

253 3771 408 3854 praedam
421 3772 555 3850 auferat,
579 3773 779 3854 ipsecertnm
794 3773 850 3836 det
862 3775 923 3837 iter
937 3771 1018 3835 telis.
1063 3770 1304 3837 Sententiarum
1322 3776 1421 3856 igitur
1442 3795 1516 3838 cum
1539 3773 1627 3838 nulla
1648 3775 1692 3838 sit
1713 3773 1900 3852 similitudo,
1923 3774 2093 3840 verborum

252 3872 332 3937 haec
355 3885 416 3938 est:
1277 3871 1284 3886 ’

341 3975 475 4040 Phaedr.
499 3977 560 4040 817
767 3976 872 4060 (1010)
897 3975 985 4040 00110
1004 3977 1072 4039 0100
1095 3975 1172 4040 01110

458 4077 704 4154 descendent,
729 4079 837 4161 tepido
860 4081 978 4144 viscere
1001 4078 1131 4143 condita

459 4179 642 4260 praedam
665 4180 708 4244 de
729 4181 867 4244 mediis
890 4179 1055 4244 nubibus
1078 4178 1221 4244 afferent.

340 4281 432 4345 Herc.
456 4283 525 4343 001.
551 4285 632 4348 1653
762 4283 786 4346 01
810 4281 859 4346 vel
882 4303 899 4345 0
922 4284 1045 4348 medio
1068 4279 1153 4346 voles

457 4381 583 4446 anferre
607 4383 750 4449 volueres
772 4385 884 4462 nube,
908 4385 1143 4450 descendent
1165 4405 1252 4449 aves

459 4492 491 4546 et
513 4493 601 4548 certa
624 4487 788 4566 praedae
811 4487 877 4551 tela
898 4488 939 4551 de
961 4488 1049 4553 eaelo
1068 4485 1178 4552 fluent.

406 4585 494 4662 Quae
510 4587 535 4648 si
559 4587 712 4651 imitatori
725 4589 835 4652 deberi
849 4597 953 4672 putas,
976 4591 1230 4672 elegantissimus
1252 4587 1394 4671 profecto
1417 4597 1489 4652 erat
1509 4591 1571 4653 iste
1593 4592 1704 4671 etqui
1726 4591 1987 4674 ingeniosissime,
2010 4613 2094 4675 quae

255 4687 381 4765 invenit,
403 4689 550 4752 variaret.
568 4725 607 4733 —
626 4688 760 4753 Phaedr.
783 4693 909 4756 380-0
926 4700 957 4755 01
973 4691 1066 4756 Hero.
1082 4692 1152 4757 001.
1171 4697 1316 4756 1027-11
1330 4689 1392 4755 hoo
1412 4690 1534 4756 habeut
1551 4711 1733 4769 commuue,
1757 4694 1845 4773 quod
1867 4692 1932 4757 illio
1953 4692 2093 4770 Jocasta,

260 4843 319 4848 —-
335 4843 423 4850 ω...

254 5025 278 5080 H
346 5026 356 5078 l
399 4942 434 5077 ἕ)
471 4943 504 4996 01
536 4945 662 5010 doceam,
701 4961 752 5012 000
788 4944 872 4999 nimia
907 4947 1006 5000 mentis
1042 4948 1113 5001 acies
1150 4948 1236 5015 possit
1265 4947 1412 5014 deducere,
1446 4963 1532 5015 aequo
1571 4948 1629 5002 iure
1668 4947 1766 5018 aliquis
1801 4949 1972 5003 contenderit
2007 4951 2093 5002 locum

282 5041 345 5080 ercu
357 5025 381 5078 is
412 5027 514 5080 urentis

345 5116 408 5166 1110
428 5111 492 5178 quin
511 5117 643 5168 structum
661 5131 790 5170 acervans
809 5133 917 5171 nemore
937 5121 1063 5182 congesto
1082 5133 1208 5185 aggerem

460 5213 555 5250 cruore
573 5215 670 5268 corpus
690 5200 773 5268 impio
791 5217 913 5268 sparsum
934 5205 1041 5254 cremo?

255 5283 390 5350 respicere
409 5287 491 5350 01000
510 5298 666 5350 expressum
684 5303 743 5340 esse
762 5287 796 5340 sd
814 5286 958 5340 Herculem
980 5285 1118 5342 Oetaeum.
