4717 5734
1140 343 1180 406 33

241 606 303 652 non
328 589 358 650 iu
382 593 529 649 61661661.
544 585 665 648 venerit
678 581 798 664 Vergili
821 582 913 659 (Α66.
930 583 960 663 2,
977 580 1068 665 325);
1092 579 1231 662 „fuimus
1253 577 1366 654 Troes,
1389 579 1451 642 fnit
1472 579 1607 645 llium“?
1636 617 1669 626 -
1694 577 1794 642 Porro
1810 576 1932 641 Birtins
1947 578 1991 659 (p.
2008 579 2086 658 535)

239 690 393 772 optimam
415 687 508 752 nobis
530 686 665 770 praebet
686 685 885 750 occasionem
911 703 969 765 pro
994 681 1114 747 Seneca
1140 682 1314 763 pugnandi.
1359 679 1466 745 Verba
1488 683 1573 746 enim
1595 706 1623 746 v.
1647 683 1725 747 290:
1756 679 1915 757 „coniunx
1938 677 2085 742 Herculis

238 791 400 855 1111166116α
422 791 463 854 ed
485 788 734 871 intellegendum
756 787 802 850 illi
826 788 872 850 ita
893 805 956 848 non
971 791 1084 868 aperta
1100 803 1168 848 esse
1184 782 1346 860 videntur,
1369 791 1407 848 nt
1421 783 1591 848 exclamet:
1614 783 1793 862 „Herknles
1808 783 1858 846 ein
1872 779 2087 844 furchtsamer

238 893 372 958 061161*
414 891 539 956 Novum
573 891 678 954 hercle
710 889 771 954 hoc
794 896 876 952 esset
898 894 931 952 61
949 887 1189 970 necopinatum,
1221 885 1248 950 si
1271 887 1401 966 quando
1423 886 1594 950 diceretur.
1639 887 1705 951 Nec
1727 893 1834 949 1611166
1858 884 1989 960 dicitnr,
2013 903 2086 945 cum

238 997 325 1078 apud
351 995 505 1061 Senecam
528 1014 565 1057 ac
589 993 694 1057 neseio
717 1013 758 1055 an
779 992 867 1073 apud
889 991 1048 1054 neminem
1068 988 1168 1052 alium
1191 989 1344 1066 „timere“
1366 988 1452 1053 idem
1470 996 1562 1053 sonet
1584 996 1682 1070 atque
1704 993 1896 1070 „pugnaret
1920 985 1958 1049 61.

325 1098 417 1162 Η616.
440 1096 500 1160 161.
523 1101 579 1160 441
604 1117 716 1177 nempe
738 1115 796 1176 pro
819 1093 893 1157 telis
915 1093 1008 1175 gerit,

608 1219 691 1280 quae
713 1198 821 1260 timuit
843 1203 980 1276 atquae
1003 1193 1094 1257 indit.

475 1306 553 1366 454:
576 1300 649 1384 Lyc.
672 1297 756 1364 Num
779 1305 923 1362 menstra
941 1317 1035 1360 saeva
1056 1295 1206 1360 Phoebus
1225 1305 1283 1360 ant
1303 1298 1412 1361 timuit
1433 1296 1538 1362 ieras?

574 1400 688 1484 Amph.
712 1401 838 1465 Primus
860 1401 995 1481 sagittas
1014 1399 1129 1463 imbuit
1149 1397 1270 1462 Phoebi
1293 1398 1400 1462 draco.

329 1505 445 1569 ’1166111
470 1506 547 1570 318:
569 1508 613 1568 At
635 1524 697 1568 uon
721 1501 856 1568 timebat
875 1510 953 1566 tnue
975 1510 1064 1579 tuna,
1084 1501 1201 1578 fateor,
1226 1521 1352 1585 parens,

569 1608 716 1689 interque
740 1607 854 1669 caedes
876 1605 1030 1670 Graeciae
1053 1613 1150 1685 atque
1172 1611 1263 1669 ustas
1284 1611 1370 1668 rates

570 1710 676 1791 segnis
696 1707 823 1772 iacebat
844 1705 918 1770 belli
942 1714 975 1770 et
997 1723 1162 1770 armornm
1184 1706 1362 1770 immemor.

393 1813 428 1876 ln
453 1811 548 1876 Herc.
562 1811 629 1878 Oet.
653 1813 729 1876 887:
754 1810 839 1887 „lato
863 1811 1047 1891 ignoscere“
1069 1808 1122 1892 (61.
1145 1809 1224 1889 983)
1245 1806 1350 1874 haesit
1371 1808 1504 1873 Richter
1525 1822 1569 1891 (1).
1588 1813 1653 1886 26),
1677 1825 1875 1889 quamquam
1898 1824 1962 1868 non
1985 1803 2086 1877 video,

239 1918 320 2000 quid
338 1917 368 1978 ei
383 1912 549 1978 offensioni
567 1913 672 1978 166111.
718 1912 841 1978 Similia
852 1920 941 1990 sunt,
958 1932 1040 1994 quae
1053 1910 1207 1992 leguntur
1218 1909 1311 1974 Here.
1324 1909 1393 1974 Oet.
1406 1913 1482 1977 901:
1505 1911 1595 1989 „fata
1606 1911 1821 1992 quisdamnat
1832 1907 1930 1972 6116ἶΝ
1941 1913 1975 1970 61
1989 1909 2085 1971 14261

241 2037 394 2101 „parcam
419 2015 525 2080 fatisf‘
584 2015 664 2080 Cum
692 2017 778 2079 euim
804 2015 900 2097 culpa
925 2017 956 2079 in
986 2014 1052 2077 1616
1081 2032 1148 2076 esse
1180 2011 1389 2090 concedatur,
1415 2014 1502 2076 idem
1529 2020 1562 2077 et
1584 2014 1758 2077 damnatur
1780 2020 1813 2074 et
1834 2009 2019 2073 absolvitur.
2045 2007 2084 2071 61.

328 2118 420 2184 Η616.
444 2119 513 2182 061.
536 2122 614 2184 906(
636 2129 686 2183 161
708 2119 870 2200 parricida
891 2117 996 2180 factus
1018 2116 1140 2198 ignovit
1161 2123 1270 2178 tamen
1292 2114 1363 2192 sibi,
1387 2137 1451 2180 non
1473 2114 1583 2179 furori.

394 2221 631 2286 Particularnm
659 2243 764 2296 usum,
796 2222 821 2284 si
850 2221 891 2282 de
916 2225 1047 2283 6661616
1074 2218 1255 2300 quaeritur,
1283 2220 1391 2299 magni
1420 2239 1488 2282 esse
1516 2219 1669 2282 momenti
1698 2237 1790 2279 nemo
1813 2222 1875 2288 est,
1903 2215 1959 2296 qui
1982 2221 2085 2295 neget.

243 2323 312 2400 Quo
333 2331 440 2386 tamen
463 2331 652 2404 argumento
675 2323 808 2388 Richter
830 2327 872 2405 (p.
890 2323 1008 2404 24611.)
1030 2321 1077 2384 ita
1094 2341 1171 2384 nsns
1194 2327 1251 2395 est,
1274 2326 1402 2384 611616
1424 2321 1492 2385 eius
1513 2319 1761 2403 argumentandi
1783 2318 1866 2382 ratio
1888 2317 1983 2399 plane
2004 2315 2086 2379 falsa

243 2425 320 2488 mihi
345 2424 493 2489 videatur
518 2445 595 2488 esse.
640 2425 719 2490 Inde
743 2429 842 2502 enim,
870 2425 956 2506 qnod
981 2422 1140 2506 particula
1162 2422 1324 2504 quaedam
1347 2425 1379 2486 in
1400 2425 1514 2488 ceteris
1535 2423 1654 2487 fabulis
1675 2421 1805 2504 legitur,
1830 2419 2031 2485 desideratur
2052 2419 2084 2480 in

243 2527 380 2591 Hercule
405 2526 537 2602 Oetaeo,
566 2528 606 2590 (16
630 2536 761 2592 6661616
783 2527 961 2608 quidquam
983 2546 1076 2608 posse
1100 2524 1206 2606 colligi
1228 2544 1318 2606 nego.
1362 2524 1475 2606 Neque
1496 2527 1583 2588 enim
1604 2527 1721 2598 omnia,
1743 2523 1861 2604 quibus
1883 2525 1930 2586 nti
1952 2520 2084 2596 solebat,

242 2631 383 2694 verbain
400 2627 547 2692 omnibus
565 2630 714 2712 operibns
736 2637 900 2693 auctorem
920 2629 1105 2694 adhibuisse
1116 2647 1244 2691 neeesse
1266 2634 1324 2690 est.
1356 2625 1471 2708 Itaque
1492 2627 1570 2691 nihil
1592 2627 1751 2710 probatur
1771 2647 1818 2702 eo,
1841 2625 1929 2706 qnod
1949 2624 2086 2702 „etiam“

241 2735 274 2796 in
301 2731 440 2798 Hercule
468 2732 587 2796 Oetaeo
622 2754 683 2796 nen
723 2732 784 2814 legi
812 2730 944 2796 Richter
971 2733 1014 2814 (11.
1039 2734 1094 2796 241
1122 2728 1213 2793 dixit.
1274 2727 1362 2792 Vidit
1390 2728 1453 2792 hoc
1484 2729 1521 2793 B.
1557 2728 1753 2795 Schmidtius
1784 2727 1922 2805 (observ.
1954 2729 2024 2791 crit.
2053 2727 2084 2789 in

242 2836 275 2898 L.
300 2835 335 2897 A.
359 2833 496 2897 Senecae
519 2842 600 2916 trag.
635 2835 735 2898 Jeuae
759 2838 850 2900 1865.
874 2855 904 2916 p.
929 2836 1024 2916 1516),
1048 2831 1306 2896 66166166111116
1327 2833 1550 2907 assentiemur,
1573 2833 1609 2909 si,
1632 2852 1716 2914 quae
1738 2833 1803 2895 sint
1824 2830 1911 2913 apud
1933 2830 2086 2896 Senecam

242 2935 382 2999 addendi
406 2935 595 3017 particulae,
619 2937 799 3001 viderimus.
846 2936 995 3018 Legimus
1018 2935 1101 2998 enim
1125 2940 1197 3010 „et“
1219 2935 1251 2996 in
1275 2933 1354 3017 Thy.
1377 2935 1492 3011 sexies,
1515 2934 1548 2997 iu
1571 2934 1666 2999 Herc.
1688 2933 1749 2998 fur.
1772 2935 1889 3011 series,
1913 2935 1943 2996 in
1967 2933 2084 2997 Troad.

242 3044 371 3120 quater,
403 3038 434 3099 in
462 3035 581 3102 Phoen.
611 3039 731 3114 novies,
766 3041 796 3101 iu
826 3037 909 3101 Med.
937 3037 1120 3112 duodecies,
1147 3037 1180 3098 in
1204 3035 1340 3100 Phaedr.
1368 3036 1429 3113 bis,
1462 3039 1495 3100 iu
1523 3035 1599 3102 Oed.
1628 3035 1743 3114 6611166,
1776 3038 1807 3100 in
1836 3035 1947 3118 Agam.
1974 3036 2085 3113 sexies,

242 3143 273 3203 in
301 3139 395 3203 Herc.
424 3138 493 3202 Oet.
527 3148 643 3219 quater
671 3139 785 3204 (166166.
831 3139 1012 3221 „Quoqne“
1039 3139 1071 3202 iu
1098 3137 1177 3220 Thy.
1205 3140 1336 3220 septies,
1363 3140 1395 3201 in
1423 3137 1599 3204 11616161.
1629 3140 1749 3217 661166,
1777 3137 2084 3215 16116616611166,

242 3245 275 3305 in
298 3239 418 3304 Phoen.
442 3240 628 3318 duodecies,
655 3245 686 3304 iu
710 3243 793 3306 Med.
817 3245 929 3316 octies,
952 3243 983 3305 iu
1009 3240 1144 3306 Phaedr.
1169 3246 1297 3322 quater,
1321 3241 1352 3302 in
1377 3241 1454 3304 Oed.
1477 3240 1588 3315 semel,
1614 3243 1647 3304 in
1669 3240 1780 3323 Agam.
1803 3239 1914 3317 semel,
1937 3242 1969 3303 in
1990 3240 2084 3304 Herc.

242 3343 312 3407 Oet.
341 3343 459 3425 septies
486 3341 600 3407 decies.
645 3343 801 3421 „Etiam“
830 3347 860 3409 in
889 3345 967 3429 Thy.
991 3351 1053 3418 ter,
1084 3343 1114 3406 in
1139 3342 1234 3406 Herc.
1255 3343 1316 3406 161.
1343 3350 1473 3424 (166161,
1502 3344 1533 3407 16
1555 3341 1672 3408 Troad.
1695 3351 1757 3419 ter,
1781 3345 1814 3406 in
1836 3342 1956 3406 Phoen.
1978 3343 2085 3418 semel,

243 3448 275 3508 in
298 3443 382 3508 Med.
406 3442 464 3520 bis,
488 3445 521 3508 in
541 3444 677 3510 Phaedr.
701 3445 758 3519 bis,
781 3449 813 3509 in
838 3448 915 3511 Oed.
942 3445 1048 3521 semel,
1072 3446 1102 3507 in
1127 3445 1241 3526 Agam.
1263 3445 1369 3523 semel,
1391 3447 1423 3508 in
1446 3445 1622 3512 11616061.
1646 3466 1814 3527 nusquam.
1859 3444 1955 3509 vides
1980 3447 2084 3528 igitur,

243 3547 323 3628 qnid
350 3545 468 3624 valeat,
497 3549 582 3629 quod
612 3551 717 3613 rarior
744 3549 830 3612 haec'
850 3548 1009 3632 particula
1035 3550 1067 3610 in
1092 3546 1230 3611 Hercule
1252 3546 1371 3611 Oetaeo
1396 3568 1457 3611 non
1481 3549 1653 3625 invenitur,
1682 3550 1887 3612 inveniuntur
1909 3547 2086 3614 crebriores

242 3649 316 3712 illae
344 3650 537 3730 saepissime.
595 3651 639 3716 Ut
666 3659 774 3716 661616
800 3651 861 3716 hoc
888 3652 1060 3727 addamne,
1096 3651 1320 3726 „etiamuum“
1355 3650 1474 3731 legitur
1499 3652 1530 3712 in
1554 3649 1650 3714 Here.
1677 3651 1737 3716 161.
1765 3649 1877 3727 semel,
1909 3653 1941 3715 iu
1969 3651 2086 3717 Troad.

243 3752 355 3827 semel,
379 3753 411 3814 in
434 3751 552 3816 Phoen.
576 3759 636 3830 ter,
662 3755 694 3817 iu
718 3754 802 3818 Med.
825 3754 935 3830 semel,
959 3757 990 3816 in
1015 3752 1092 3817 Oed.
1112 3751 1175 3828 bis,
1200 3754 1231 3814 in
1256 3752 1367 3834 Agam.
1390 3752 1501 3829 semel,
1524 3754 1556 3814 iu
1581 3752 1659 3837 Thy.
1681 3752 1738 3827 bis,
1762 3755 1795 3816 in
1818 3753 1912 3818 Herc.
1935 3754 2005 3820 Oet.
2029 3755 2085 3832 bis,

244 3856 276 3916 in
299 3853 449 3917 Phaedre
476 3874 539 3916 non
568 3854 699 3936 legitur:
731 3857 792 3920 hae
820 3877 854 3920 16
883 3876 959 3918 6661
985 3863 1098 3918 666116
1121 3853 1302 3918 Phaedram
1324 3856 1461 3936 suspicio
1484 3855 1575 3920 nobis
1597 3855 1795 3921 movebitur?
1823 3895 1857 3904 -
1879 3856 1981 3941 Haec,
2003 3879 2086 3939 quae

245 3954 397 4032 diximus,
410 3957 506 4019 etiam
520 3959 550 4018 in
565 3979 604 4020 ea
613 3958 742 4035 cadunt,
756 3979 839 4039 (1666
851 3958 890 4022 (16
902 3959 1048 4038 ,,1161166“
1061 3956 1194 4020 Richter
1203 3958 1330 4038 scripsit
1339 3965 1384 4040 (1).
1397 3961 1461 4042 27).
1506 3959 1647 4036 Accedit,
1669 3960 1758 4040 qnod
1769 3960 1802 4022 in
1814 3958 1910 4022 huius
1922 3963 2007 4024 vocis
2027 3982 2086 4025 usn

244 4056 399 4122 Hercules
420 4057 558 4122 Oetaeus
585 4081 657 4124 cnm
681 4061 918 4143 Agamemnone
948 4067 979 4122 et
1005 4058 1167 4140 Oedipode
1195 4060 1363 4122 consentit.
1393 4099 1433 4106 —
1459 4059 1550 4124 Idem
1578 4060 1710 4125 Richter
1739 4063 1772 4124 in
1803 4061 1867 4125 alia
1895 4083 2024 4144 qnoque
2051 4084 2087 4126 re

243 4161 364 4222 erravit
385 4163 430 4242 (p.
451 4161 518 4243 24).
563 4160 675 4242 Neque
702 4165 786 4226 enim
815 4164 872 4240 ita,
902 4170 937 4225 nt
958 4161 1004 4224 illi
1028 4161 1161 4241 placuit,
1185 4162 1218 4222 in
1242 4161 1397 4225 eiusmodi
1417 4164 1658 4242 quaestiouibus
1680 4164 1822 4227 66616116
1844 4165 2005 4245 agendum
2028 4177 2085 4231 est.

243 4263 399 4345 Repperit
420 4264 505 4326 enim
527 4264 689 4340 „saltem“
712 4266 744 4327 in
767 4263 906 4328 Hercule
928 4263 1049 4326 Oetaeo
1072 4263 1189 4344 septies
1211 4264 1276 4341 (81.
1299 4266 1372 4329 932.
1398 4267 1488 4329 1259.
1513 4269 1604 4332 1317.
1628 4269 1718 4333 1314.
1744 4269 1835 4331 1416.
1861 4269 1971 4344 1914),
1995 4289 2087 4352 prae·

242 4373 332 4428 terea
354 4371 482 4428 tantum
503 4365 586 4429 bled.
608 4369 690 4431 1015
710 4366 946 4448 6113661491
966 4366 1100 4439 (addere
1116 4383 1246 4446 possum
1261 4365 1354 4433 11616,
1375 4367 1435 4430 161.
1453 4371 1556 4447 1201).
1602 4369 1664 4433 Sed
1686 4367 1764 4449 qnid
1786 4368 1861 4432 inde
1881 4369 2086 4452 colligemus?

242 4465 312 4530 Non
348 4469 472 4550 respuit
497 4466 581 4530 hane
606 4467 797 4550 particulam
825 4469 958 4544 Seneca,
984 4469 1039 4530 sed
1068 4469 1233 4530 occasione
1260 4466 1369 4531 oblata
1394 4469 1522 4534 fortiter
1548 4490 1587 4532 66
1614 4490 1690 4534 6666
1715 4478 1779 4536 est:
1803 4491 1887 4554 qnae
1910 4494 1984 4536 cum
2004 4473 2086 4539 forte

243 4567 373 4632 fortuna
397 4571 525 4650 saepius
554 4570 585 4632 iu
615 4569 753 4633 Hercule
777 4573 896 4635 Oetaeo
923 4570 1034 4634 oblata
1060 4578 1157 4646 esset,
1179 4571 1306 4652 saepius
1328 4569 1412 4633 hanc
1433 4570 1625 4652 particulam
1648 4572 1869 4637 6111611611.-
1893 4573 2015 4640 Fudem
2036 4584 2086 4641 est

244 4672 326 4733 ratio
352 4670 542 4752 particulae,
572 4679 733 4754 „nempe“
761 4693 858 4754 (16616
883 4673 913 4735 16
939 4670 1077 4735 Hercule
1098 4673 1218 4736 Oetaeo
1241 4674 1554 4753 6611661332-353.
1578 4676 1650 4740 363.
1674 4677 1744 4741 366.
1767 4678 1838 4739 369.
1861 4679 1924 4743 374
1948 4717 1989 4726 -
2011 4683 2084 4746 437.

248 4774 338 4835 1911.
368 4777 464 4852 1912,
491 4773 577 4838 addo
604 4777 695 4856 903),
730 4777 761 4838 in
789 4775 883 4839 Herc.
912 4775 972 4842 fur.
1001 4774 1098 4838 semel
1125 4776 1261 4853 (44116
1289 4772 1405 4838 Troad.
1432 4783 1481 4840 ter
1502 4780 1588 4858 (325.
1612 4781 1684 4844 340.
1714 4779 1803 4857 744),
1830 4779 1863 4842 16
1889 4779 2009 4845 Phoen.
2036 4782 2086 4847 bis

244 4877 330 4947 (522.
355 4877 446 4958 523),
476 4877 507 4940 in
531 4875 667 4942 Phaedr.
697 4877 854 4947 11161244.
879 4879 969 4962 645),
998 4879 1028 4940 16
1054 4877 1131 4942 Oed.
1155 4877 1253 4940 semel
1277 4881 1359 4954 (76),
1389 4879 1420 4940 in
1443 4879 1553 4959 Agam.
1577 4878 1673 4943 semel
1697 4880 1803 4964 (702),
1832 4881 1864 4945 16
1886 4881 1967 4966 Thy.
1987 4885 2082 4949 semel

244 4977 336 5050 (412)
363 4987 488 5041 exstare
515 4979 647 5043 Richter
672 4979 758 5046 vidit.
805 4979 887 5044 Huic
916 4991 1023 5043 antem
1049 4979 1229 5062 particulae
1257 4981 1289 5043 id
1316 4983 2086 5064 (166(1661116661616661,1166(1,616116616νί1

243 5078 307 5142 Leo
330 5083 375 5161 (p.
393 5083 459 5161 66),
481 5103 508 5144 v.
522 5085 670 5148 353-74
693 5084 862 5164 quinquies
886 5084 917 5145 in
940 5103 1004 5146 nna
1025 5083 1156 5162 periodo
1180 5083 1325 5146 membra
1346 5085 1634 5165 argumentationis
1657 5089 1827 5151 connectit.
1859 5121 1901 5134 -
1925 5087 1990 5152 Nec
2013 5089 2085 5170 plns

243 5179 382 5245 efficitur
403 5183 463 5259 eis,
489 5203 571 5263 quae
595 5185 634 5247 de
658 5183 778 5266 „forte,
800 5185 878 5260 1616,
901 5185 1016 5260 (16666,
1038 5185 1143 5266 palum
1152 5187 1170 5218 ‘⁶
1194 5185 1327 5248 Richter
1348 5198 1393 5268 (11.
1416 5191 1458 5252 25
1481 5193 1513 5248 61
1536 5190 1592 5266 21)
1614 5191 1772 5268 exposuit.
1817 5189 1888 5272 Ipse
1913 5190 1988 5268 Leo,
2012 5213 2085 5255 cnm

243 5303 311 5346 rem
334 5291 533 5360 retractaret,
557 5285 636 5349 haec
656 5287 836 5352 omittenda
857 5307 925 5350 esse
947 5288 1068 5350 statuit.
1095 5327 1132 5335 -
1157 5287 1330 5362 ,.lnterirn“
1352 5288 1459 5361 (11616.
1472 5288 1541 5352 Oet.
1553 5293 1625 5352 481.
1641 5293 1719 5361 930)
1742 5291 1827 5355 idem
1850 5313 1964 5357 serrare
1986 5301 2085 5376 atque
