4717 5734
1164 343 1205 410 27

264 583 406 664 gesserit.
461 579 554 656 Quod
587 587 624 642 ut
658 577 839 654 credamus,
876 574 1043 658 Sophoclis
1075 579 1268 642 auctoritate
1302 576 1507 651 adducimur,
1539 595 1580 638 ex
1612 595 1677 657 quo
1710 574 1817 641 10000
1849 574 1939 640 11100
1973 574 2104 642 fluxisse

262 690 410 764 apertum
432 687 481 745 cst
502 679 557 763 (01.
581 679 792 746 1101011089
810 678 1196 764 001-0110174100.
1220 677 1378 744 Svoboda
1397 678 1585 760 indignatus
1607 679 1748 758 quaerit:
1772 680 1813 743 ist
1828 678 1916 742 dicse
1931 677 2105 745 Unnnatur

263 781 719 865 0011Ηο0010000(0.348)1
762 781 981 864 Egrediuntur
1002 779 1082 846 haec
1105 788 1193 846 certe
1215 789 1366 846 naturam
1386 787 1420 844 01
1441 780 1631 861 patientiam
1651 778 1835 857 humanam,
1856 780 1913 844 sed
1938 781 2105 863 aptissima

261 893 338 952 suut
368 887 412 949 01
445 883 691 950 describendam
716 883 862 949 Herculis
896 883 1048 948 virtutem
1075 883 1173 948 Stoici
1201 903 1289 948 mere
1316 883 1459 964 corporis
1485 882 1614 946 dolores
1638 888 1671 944 et
1697 889 1834 946 mortem
1862 883 2104 947 contemnentis.

262 988 425 1065 0001000
448 987 634 1051 1001000010
658 993 798 1050 mentem
821 987 943 1050 venerit
966 984 1059 1050 alicui
1084 984 1169 1050 Muci
1192 984 1376 1060 Scaevolae,
1399 1005 1497 1065 quem
1518 1004 1627 1048 rernm
1649 983 1820 1064 scriptume
1843 983 2010 1053 brachium
2032 987 2105 1068 igne

262 1091 453 1156 cremavisse
480 1088 693 1152 tradiderunt.
744 1087 863 1166 Verba,
892 1107 975 1170 quae
997 1095 1074 1152 sunt
1101 1088 1198 1170 ,gerit
1219 1086 1341 1168 aliquid
1363 1088 1503 1163 ardene‘,
1527 1093 1726 1168 quantopere
1747 1106 1787 1150 ex
1809 1088 1923 1151 intima
1944 1094 2051 1152 mente
2072 1093 2106 1154 et

263 1194 457 1276 cogitatione
479 1189 617 1256 Senecae
643 1190 729 1254 dieta
755 1191 833 1266 sint,
858 1211 957 1273 supra
977 1190 1202 1255 adnotavimus
1227 1193 1271 1272 (p.
1293 1193 1333 1256 18
1355 1189 1452 1268 adn).
1475 1225 1517 1234 -
1539 1187 1654 1254 Restat
1670 1209 1783 1266 unum,
1806 1192 1839 1252 in
1862 1209 1926 1270 quo
1948 1188 2107 1255 Swoboda

262 1294 405 1370 offendit,
429 1295 526 1376 qued,
548 1313 619 1356 curu
643 1313 671 1355 v.
698 1297 780 1358 1500
800 1292 954 1357 Hercules
977 1291 1112 1370 dubitet,
1136 1313 1213 1356 num
1235 1294 1278 1356 sit
1299 1291 1388 1356 ι10010
1409 1289 1503 1368 filius,
1526 1287 1786 1372 fundamentum,
1807 1305 1872 1373 que
1894 1297 1965 1354 tota
1987 1289 2104 1371 fabula,

263 1401 394 1472 nitatur,
418 1403 582 1460 evertatur
605 1399 646 1475 (0.
663 1397 752 1478 347).
797 1394 916 1460 Similis
939 1403 987 1459 est
1009 1416 1118 1460 rorum
1139 1395 1284 1459 condicio
1307 1396 1338 1456 in
1363 1392 1480 1458 Troad.
1496 1397 1558 1458 371
1574 1414 1621 1475 sq.
1666 1392 2104 1476 0100000010,οο0100010

262 1497 455 1582 Talthybius
481 1498 532 1562 vix
560 1495 686 1560 rettulit
711 1498 897 1579 apparuisse
925 1497 1035 1562 multis
1062 1496 1199 1562 testibus
1228 1494 1374 1559 Herculis
1402 1494 1562 1570 umbram,
1591 1495 1631 1559 de
1658 1497 1840 1559 animorum
1860 1494 2105 1564 immortalitate

262 1600 361 1664 stulte
388 1608 486 1681 atque
514 1601 610 1682 impie
637 1601 696 1682 (sic
720 1599 913 1678 Gronovius)
947 1598 1097 1666 dubitare
1124 1601 1238 1682 coepit.
1284 1597 1353 1674 Quo
1381 1599 1488 1661 nescio
1514 1597 1595 1679 0011
1619 1599 1721 1680 magis
1742 1606 1847 1662 totum
1869 1597 1955 1663 illius
1976 1597 2106 1665 fabulae

265 1702 511 1768 fundamentum
534 1701 670 1784 deleret,
698 1701 778 1766 illud
799 1703 824 1766 si
849 1704 917 1766 iure
939 1704 1157 1767 contendisset
1180 1699 1347 1766 Swoboda
1392 1698 1456 1764 Sed
1477 1706 1511 1763 et
1532 1698 1674 1764 Troades
1697 1701 1816 1781 001100
1837 1707 1924 1764 stare
1945 1708 2053 1782 potest
2073 1710 2107 1765 et

263 1805 418 1870 Hercules
455 1803 604 1869 Oetaeus.
664 1801 743 1868 Cum
780 1807 864 1868 onim
897 1803 1073 1869 humanum
1103 1806 1146 1868 sit
1172 1804 1205 1866 id
1231 1803 1364 1868 eredere
1391 1800 1491 1878 nolle,
1525 1803 1613 1883 quod
1646 1808 1774 1880 noceat,
1806 1822 1865 1866 suo
1892 1803 1963 1866 iure
1989 1802 2107 1868 chorus

263 1907 427 1972 Troadum
449 1913 567 1988 negata
589 1907 769 1971 animorum
793 1905 1035 1971 immortalitate
1056 1909 1296 1973 excusationem
1317 1900 1462 1969 hostibus
1482 1906 1607 1986 eripere
1630 1903 1752 1980 studet,
1777 1923 1883 1985 0000
1904 1904 1952 1969 illi
1973 1905 2035 1972 sibi
2067 1927 2107 1971 ex

263 2012 353 2076 10000
380 2007 513 2074 Achillis
547 2007 589 2071 ab
622 2009 731 2072 inieris
762 2008 889 2073 reducis
915 2007 990 2073 lacti
1019 2018 1222 2090 paraverant.
1272 2006 1334 2072 Sed
1361 2013 1481 2096 negent
1504 2005 1580 2070 licet
1602 2005 1744 2070 Troades
1771 2004 1955 2070 calamitate
1977 2008 2107 2090 iniquae

263 2117 464 2178 mortuorum
495 2131 555 2174 res·
580 2109 624 2174 ad
657 2111 798 2174 viventes
827 2112 1002 2192 pertinere,
1040 2111 1192 2194 appatuit
1221 2120 1330 2176 tamen
1357 2107 1499 2174 Achilles
1529 2129 1633 2190 00000
1664 2108 1785 2172 factum
1818 2106 1880 2174 hoc
1903 2109 2106 2175 dubitatione

263 2215 392 2280 illarum
406 2214 444 2279 fit
459 2213 611 2278 infectum
628 2232 731 2293 neque
745 2210 856 2276 101010
878 2233 942 2277 000
966 2220 1073 2294 potest
1096 2212 1279 2294 procedere.
1322 2211 1446 2276 Eadem
1467 2218 1517 2274 est
1538 2210 1687 2276 Herculis
1708 2209 1817 2275 Oetaei
1840 2214 1935 2276 ratio.
1978 2212 2104 2296 Ingenti

261 2319 347 2382 euim
363 2317 476 2381 dolore
492 2325 551 2379 aut
566 2312 749 2378 calamitate
771 2336 867 2396 saepe
888 2313 1035 2390 efficitur,
1059 2321 1096 2378 ut
1117 2312 1282 2378 fortissimi
1302 2334 1431 2396 000000
1453 2314 1513 2378 viri
1535 2314 1576 2377 de
1598 2334 1632 2378 se
1653 2314 1834 2394 desperent.
1878 2313 1972 2390 Quod
1994 2335 2107 2396 quam-

262 2439 360 2500 quam
392 2419 447 2483 illo
474 2417 546 2481 loco
569 2415 697 2480 Herculi
726 2417 857 2492 accidit,
880 2423 987 2480 tamen
1012 2435 1074 2482 neu
1098 2415 1244 2493 1001101
1266 2415 1510 2498 Amphitruonis
1532 2415 1585 2481 ille
1609 2435 1711 2497 neque
1733 2414 1822 2480 Jovis
1843 2417 1887 2479 sit
1904 2414 1998 2482 filius.
2043 2417 2106 2484 Sed

260 2530 311 2585 est
320 2519 450 2602 Jupiter
466 2518 613 2583 Herculis
629 2524 730 2599 pater,
753 2519 856 2598 quiin
871 2517 996 2582 caelum
1011 2539 1084 2582 cum
1099 2516 1237 2593 attollet
1261 2538 1457 2599 quamquam
1479 2517 1655 2599 aliquando
1678 2518 1718 2583 de
1740 2526 1833 2600 patre
1855 2538 1914 2582 suo
1935 2519 2105 2584 dubitavit.

417 2619 589 2688 Goebelius
611 2619 829 2702 (quaestiones
852 2619 1049 2685 Horatianae
1072 2639 1147 2702 pars
1168 2618 1201 2683 11
1221 2621 1256 2683 in
1277 2618 1442 2701 Muetzell,
1464 2618 1648 2684 Zeitschriit
1668 2618 1720 2685 100
1742 2620 1802 2684 das
1816 2619 2104 2702 Gymnasiabvcseu

264 2723 573 2806 1111073800.)
599 2721 693 2786 Herc.
717 2721 785 2786 Oet.
815 2725 1027 2788 1036—1100
1054 2743 1074 2785 a
1099 2721 1241 2804 reliquae
1274 2722 1458 2804 tragoediae
1490 2731 1622 2787 auctore
1655 2722 1857 2786 abiudicavit.
1902 2721 2002 2798 Quem
2033 2743 2106 2786 cum

264 2827 327 2891 Leo
351 2826 386 2910 (l.
402 2826 422 2888 l.
442 2847 473 2908 p.
489 2829 546 2902 53)
568 2826 749 2890 adiutorem
771 2823 830 2888 sibi
854 2825 1071 2900 advocaverit,
1094 2823 1259 2888 videamus
1280 2844 1378 2900 nuuc,
1401 2843 1485 2906 quae
1500 2823 1653 2890 Goebelio
1669 2826 1701 2887 in
1718 2823 1863 2889 1001000
1877 2824 2106 2907 displicuerint.

262 2931 309 2992 Ac
331 2931 469 3011 primum
503 2929 631 3011 quidem
665 2928 858 3008 vituperavit
891 2927 937 3008 (p.
963 2929 1050 3010 739),
1077 2927 1165 3008 0001
1192 2925 1272 2990 haec
1297 2924 1387 2990 chori
1417 2946 1494 3008 pars
1520 2926 1772 3010 (roae—1100)
1800 2947 2035 3010 nequamquam
2067 2949 2106 2992 ex

262 3029 527 3095 antecedentibus
546 3051 604 3111 per
625 3029 724 3092 verba
745 3027 850 3106 „illius
872 3031 962 3093 stetit
983 3030 1026 3094 01
1047 3029 1176 3093 modos‘
1191 3029 1377 3110 penderent.
1423 3027 1487 3093 Sed
1509 3029 1661 3110 quoniam
1683 3027 1933 3110 descriptionum
1954 3027 2108 3094 Senecam

262 3133 483 3198 avidissimum
505 3132 601 3197 luisse
624 3133 749 3210 scimus,
773 3151 910 3213 quarum
932 3130 1033 3196 sicubi
1055 3132 1086 3194 in
1109 3129 1208 3195 choro
1230 3136 1280 3194 est
1295 3132 1472 3207 excusatio,
1497 3129 1676 3195 sufficiebat
1691 3130 1811 3214 Orphei
1826 3133 1963 3196 nominis
1978 3134 2107 3209 mentio,

263 3244 301 3299 ut
321 3235 477 3317 decriptio
500 3237 709 3309 insereretur,
732 3254 815 3313 0000
837 3255 894 3297 cur
915 3253 978 3297 000
1002 3241 1077 3314 0010
1099 3253 1156 3315 per
1179 3253 1355 3314 pronomen
1378 3233 1648 3296 demontrativum
1670 3233 1712 3298 ad
1734 3254 1843 3298 vocem
1860 3233 1977 3315 Orphei
1992 3254 2109 3298 00000-

263 3346 362 3414 tatur,
385 3357 450 3400 000
473 3338 574 3401 video.
610 3337 734 3400 Deinde
751 3335 838 3416 quod
851 3359 878 3398 v.
895 3337 975 3401 1093
996 3337 1156 3400 sententia
1178 3355 1328 3400 versuum
1345 3337 1426 3402 1033
1441 3355 1489 3417 sq.
1501 3333 1594 3399 10010
1613 3336 1724 3400 iterari
1743 3335 1831 3412 dicit,
1847 3357 1886 3422 00
1901 3334 1963 3400 100
1976 3336 2108 3418 quidem

264 3441 331 3504 viro
347 3440 443 3504 docte
456 3439 586 3504 concedi
599 3445 713 3521 potest.
759 3439 839 3502 000
861 3437 946 3500 enim
969 3437 1165 3518 digressione
1188 3436 1274 3502 10010
1295 3437 1338 3501 01
1354 3459 1422 3502 rem
1436 3438 1635 3520 propositam
1661 3438 1861 3502 redeundum
1879 3447 1971 3515 esset,
1989 3441 2107 3521 optime

265 3539 326 3605 hoc
352 3541 471 3606 factum
498 3549 548 3606 est
574 3544 690 3606 iterata
721 3540 777 3604 illa
806 3541 976 3615 000100110,
1010 3561 1031 3602 0
1061 3559 1126 3621 000
1156 3549 1253 3622 00010
1284 3546 1357 3605 erat
1388 3539 1558 3622 profectus.
1613 3542 1658 3602 Ac
1690 3542 1806 3604 mirum
1839 3559 1937 3620 quam
1970 3542 2108 3608 rotunde

263 3643 469 3708 concluditur
494 3646 724 3708 sententiarum
752 3641 900 3706 ambitus.
944 3640 1041 3704 Nam:
1067 3643 1208 3722 „onrnia,
1236 3644 1354 3724 inquit,
1387 3644 1463 3707 vicit
1495 3643 1542 3706 vis
1573 3651 1700 3718 000100,
1734 3643 1810 3707 01011
1840 3643 1939 3720 feras,
1973 3653 2107 3710 montes,

263 3744 410 3824 flumina,
432 3744 559 3810 inferos.
604 3745 739 3808 Mortem
761 3765 851 3820 vero,
879 3746 928 3808 cui
957 3751 1098 3808 amatam
1126 3747 1293 3826 coniugem
1320 3753 1488 3827 erepturus
1514 3751 1597 3821 erat,
1629 3764 1693 3808 nou
1726 3746 1815 3824 vicit,
1845 3744 1903 3808 sed
1935 3747 1967 3810 iu
2002 3747 2107 3810 medio

265 3845 427 3929 triumpho
458 3849 558 3912 sensit
580 3849 730 3911 invictam
752 3846 810 3911 lati
833 3847 1063 3911 necessitatem.
1123 3845 1204 3909 'lum
1237 3845 1335 3912 flebili
1366 3855 1462 3912 cantu
1497 3846 1654 3910 solamina
1686 3867 1845 3928 quaerens
1880 3846 1960 3912 1000
1992 3850 2108 3913 0001011

265 3947 354 4014 Getis
376 3971 403 4012 0.
426 3972 456 4032 q.
479 3958 523 4014 s.“
572 3949 634 4026 Qui
658 3955 815 4030 sequntur
837 3969 961 4026 versus,
986 3950 1041 4029 qui
1062 3951 1138 4029 quin
1161 3949 1277 4013 misere
1299 3949 1442 4031 corrupti
1472 3948 1550 4025 sint,
1583 3949 1709 4013 nemine
1740 3950 1802 4012 erit
1834 3948 1982 4027 dubium,
2013 3971 2108 4015 nuuc*

266 4052 400 4116 00010
423 4050 701 4139 00010001010100
724 4057 853 4134 agatur,
876 4051 990 4133 respici
1017 4069 1079 4114 nou
1107 4062 1250 4132 possunt.
1294 4050 1417 4115 Iniuria
1447 4059 1556 4114 autem
1584 4049 1755 4116 Goebelius
1785 4051 1826 4116 de
1856 4052 1983 4134 poetica
2013 4051 2109 4119 huius

266 4153 326 4218 loci
348 4155 465 4218 virtute
481 4155 631 4218 detraxit.
675 4153 753 4230 Quis
775 4156 860 4218 enim
883 4153 1110 4235 vituperaverit
1129 4160 1271 4235 poetam,
1293 4154 1394 4236 quod,
1417 4160 1454 4217 ut
1475 4159 1589 4216 cantus
1610 4155 1673 4216 vim
1696 4153 1874 4218 mirabilem
1897 4155 2108 4236 praedicaret,

265 4263 401 4321 naturae
428 4255 513 4336 leges
539 4256 596 4320 illa
620 4260 765 4339 superari
790 4257 890 4320 dixit?
939 4255 1007 4318 lloc
1032 4256 1117 4318 enim
1143 4261 1206 4328 est,
1239 4257 1327 4336 quod
1356 4256 1635 4338 longinquissimae
1667 4263 1771 4320 terras
1804 4263 1910 4320 vatem
1932 4257 2108 4336 audientes,

264 4357 379 4424 fluvios
401 4367 535 4436 stantes,
559 4366 683 4424 montes
705 4365 925 4443 properantes,
948 4357 1033 4420 feras
1052 4356 1254 4420 familiariter
1281 4357 1323 4421 01
1350 4358 1495 4422 1001000
1519 4359 1688 4436 01000100,
1721 4357 1873 4422 animalia
1903 4366 1936 4421 01
1966 4363 2109 4424 carentia

265 4463 374 4524 anima
396 4461 461 4523 alia
483 4463 573 4524 iuxta
595 4460 672 4538 alia,
697 4471 732 4525 01
753 4462 912 4537 audirent,
935 4460 1073 4524 sidentia
1093 4459 1214 4522 fecerit.
1258 4458 1328 4522 Hoc
1352 4467 1415 4536 cst,
1440 4460 1528 4539 quod
1553 4459 1639 4524 ferae
1665 4481 1738 4524 curu
1759 4459 1892 4524 latebris
1914 4462 2003 4542 ipsis,
2035 4484 2108 4527 cum

265 4564 352 4627 silvis
373 4563 518 4628 volucres
536 4563 656 4641 adsint,
688 4570 850 4645 serpentes
873 4583 948 4626 vero
970 4570 1004 4625 01
1029 4561 1187 4645 Dryades,
1211 4563 1329 4644 quippe
1351 4581 1434 4642 quae
1456 4581 1530 4625 raro
1546 4562 1688 4627 latebras
1704 4571 1912 4642 antquercus
1928 4563 2108 4646 relinquere

266 4666 403 4742 soleant,
428 4664 612 4746 relinquant
633 4685 696 4730 eas.
740 4664 806 4730 Nec
827 4673 934 4730 tamen
958 4665 1052 4728 nimis
1074 4664 1175 4746 premi
1195 4663 1301 4740 velim,
1330 4664 1418 4744 0001
1444 4663 1523 4728 haec
1555 4666 1624 4728 sinc
1657 4665 1837 4742 domiciliis,
1869 4665 1926 4729 illa
1958 4687 2032 4729 cum
2063 4669 2108 4731 eis

267 4775 448 4832 aecurrunt.
494 4766 642 4831 Fortuita
663 4766 743 4830 haec
764 4775 841 4831 sunt
862 4787 965 4848 neque
988 4766 1105 4848 legenti
1128 4768 1277 4847 cuiquam
1303 4767 1363 4830 uisi
1386 4767 1429 4829 ad
1454 4766 1700 4850 vituperandum
1727 4769 1915 4850 promptiori
1942 4767 2107 4833 offensioni

267 4879 352 4932 sunt.
396 4871 496 4934 Porro
519 4867 724 4952 reprehendit
754 4867 939 4944 Gocbelius,
967 4870 1067 4950 quod,
1096 4869 1172 4932 dum
1194 4867 1322 4932 Hebrus
1343 4871 1485 4932 carmine
1507 4870 1657 4934 detentus
1678 4879 1831 4952 moratur,
1860 4870 2012 4935 defecisse
2034 4893 2108 4934 eum

267 4977 384 5052 putant
401 4971 560 5049 Bistones3
582 4981 686 5036 totum
709 4973 793 5034 cuim
816 4969 934 5035 flumen
957 4979 1042 5035 stare
1067 4971 1185 5035 debere
1205 4993 1226 5035 a
1248 4972 1335 5034 sonte
1356 4991 1458 5054 usque
1480 4971 1522 5035 ad
1543 4974 1634 5035 00110.
1679 4971 1767 5048 Quae
1790 4973 1922 5037 tandem
1945 4975 2005 5038 bae
2032 4982 2108 5038 sunt

270 5072 430 5155 argutiae!
474 5075 516 5137 At
543 5079 567 5138 si
596 5095 663 5138 rem
691 5075 738 5137 ita
764 5080 904 5136 tractare
930 5074 1049 5156 placet,
1077 5081 1163 5136 stare
1191 5071 1323 5149 debent,
1349 5094 1433 5154 quae
1454 5093 1554 5156 prope
1574 5081 1703 5156 poetam
1724 5074 1899 5153 fluxerunt,
1930 5075 2035 5140 undae
2066 5084 2107 5151 et,

268 5195 340 5238 eum
363 5175 602 5258 longinquiores
624 5175 779 5250 defluant,
804 5175 852 5252 fit,
880 5183 916 5238 01
938 5173 1135 5256 aliquamdiu
1159 5175 1276 5238 110000
1299 5196 1339 5237 ex
1363 5175 1510 5239 inferiore
1533 5185 1625 5257 parte
1651 5175 1787 5241 deficiat.
1832 5177 1976 5242 Bistones
2000 5180 2106 5261 igitur,

268 5297 463 5359 quamquam
484 5280 530 5342 ita
553 5287 627 5342 sunt
651 5279 778 5354 remoti,
807 5285 842 5340 01
862 5279 974 5340 audire
997 5285 1170 5359 nequeant,
1194 5286 1304 5339 temen
1336 5277 1396 5358 ipsi
1426 5298 1554 5360 quoque
1576 5281 1719 5344 sentiunt
1744 5288 1849 5344 0010οι
1877 5282 2108 5345 intermitteute

1921 5383 1954 5437 0*
